3876 5242
1849 188 2239 250 ...4—

585 375 1128 467 ἀμφοτερόπλουν
1185 381 1504 463 adpellant
1529 378 1633 458 ²⁰).
1725 379 2114 461 Exportabat
2167 379 2331 444 enim
2386 380 2615 446 Protus
2673 380 2940 448 Athenis
3001 401 3272 460 merces,
3338 403 3497 466 quae

583 497 798 582 quales
842 496 1080 563 fuerint
1122 496 1468 574 nescimus3
1513 494 1612 560 his
1657 513 1808 560 uero
1851 494 1918 559 in
1966 493 2181 560 Sicilia
2224 494 2596 575 diuenditiS,
2646 516 2789 562 cum
2841 496 3002 562 aliae
3046 515 3284 564 merces
3330 496 3496 564 eius-

581 613 724 678 dem
770 611 901 678 fere
948 610 1154 695 pretii,
1202 629 1369 695 quae,
1405 611 1559 676 item
1604 609 1871 675 Demoni
1931 628 2042 692 pro
2087 611 2348 695 pignore
2404 615 2648 690 essent,
2711 611 2997 679 Athenas
3050 614 3262 679 essent
3318 631 3499 679 reue·

585 726 824 793 hendae
849 725 932 812 ιι)
955 776 971 805 ,
1021 726 1342 812 Syracusis
1363 723 1450 810 ¹⁹)
1497 724 1882 790 frumentum
1931 727 2177 792 coemit.

1989 917 2092 998 11.

761 1080 1134 1146 Narratione
1181 1079 1339 1162 ipsa,
1388 1099 1575 1163 quam
1621 1083 1828 1146 orator
1873 1081 2173 1160 instituit,
2237 1081 2575 1166 Syracusas
2629 1082 2847 1146 statim
2893 1081 3177 1146 ducimur
3200 1079 3305 1165 ¹²¹).
3400 1081 3497 1146 Ibi

583 1198 920 1280 postquam
951 1197 1330 1262 frumentum
1379 1215 1558 1261 suum
1591 1195 1818 1262 Ptotus
1865 1196 1993 1262 iam
2027 1195 2093 1262 in
2124 1215 2295 1274 naue,
2330 1196 2683 1264 conlocauit
2706 1192 2811 1278 ¹⁴),
2858 1194 3075 1260 fraude
3105 1213 3294 1279 agere
3340 1195 3501 1260 inci-

585 1311 684 1395 pit
727 1311 1149 1396 Hegestratus
1193 1310 1615 1377 nauicularius
1633 1359 1650 1390 ,
1715 1330 1836 1394 qua
1893 1312 1959 1376 in
2022 1329 2090 1377 re
2144 1330 2287 1378 eum
2346 1311 2607 1378 adiuuat
2666 1309 3069 1376 Zenothemis
3123 1309 3376 1393 quidam
3434 1311 3499 1374 et

585 1427 742 1493 ciuis
787 1430 854 1493 et
901 1427 1106 1493 socius
1133 1423 1240 1510 ²⁶).
1333 1427 1753 1511 Hegestratus
1799 1430 1969 1492 enim
2014 1427 2428 1494 feneratorem
2478 1425 2810 1510 quemdam
2841 1425 3162 1510 Syracusis
3206 1424 3499 1492 habitan-

583 1545 716 1608 tem
761 1541 1052 1624 precibus
1097 1541 1250 1622 adit,
1297 1544 1371 1606 ut
1414 1541 1536 1606 sibi
1581 1542 1907 1626 pecuniam
1954 1541 2264 1620 crederet;
2310 1542 2555 1628 pignori
2614 1560 2681 1608 se
2738 1541 2797 1606 ei
2862 1539 3143 1625 obligare
3202 1558 3496 1625 magnam

584 1657 716 1722 uim
774 1656 1076 1722 frumenti
1130 1676 1318 1740 quam
1375 1658 1441 1723 in
1507 1676 1667 1724 naue
1723 1659 1857 1742 ipse
1923 1657 2201 1724 haberet.
2292 1657 2653 1724 Haesitanti
2709 1675 2859 1722 uero
2916 1656 3255 1722 feneratori
3309 1657 3499 1739 atque

583 1772 1020 1856 interroganti,
1067 1791 1218 1837 num
1263 1791 1482 1838 uerum
1545 1776 1714 1840 esset
1774 1772 1938 1856 quod
1981 1774 2219 1839 diceret
2262 1775 2714 1858 Hegestratus,
2778 1772 3210 1851 Zenothemis,
3271 1771 3375 1854 qui
3430 1791 3497 1836 se

582 1888 784 1972 ipsum
851 1889 1263 1954 mercatorem
1333 1890 1773 1971 uectoremque
1843 1887 2127 1954 eiusdem
2188 1889 2366 1954 nauis
2422 1906 2559 1954 esse
2616 1887 2943 1954 simularet
2964 1885 3082 1972 ¹⁶),
3142 1885 3501 1953 adfirmauit

583 2003 972 2068 frumentum
1034 2002 1210 2077 illud,
1276 2002 1440 2086 quod
1483 2003 1662 2069 Proti
1707 2005 1862 2081 erat,
1929 2023 2065 2069 esse
2111 2005 2500 2088 Hegestrati.
2579 2003 2677 2070 Ita
2722 2021 2835 2085 per
2878 2002 3089 2068 dolum
3135 2000 3377 2068 altera
3422 2001 3499 2067 de

583 2117 805 2184 eodem
850 2119 1166 2184 frumento
1212 2119 1568 2204 syngrapha
1613 2119 1781 2184 facta
1825 2122 1924 2185 est
1968 2119 2046 2184 ab
2092 2119 2475 2204 Hegestrato
2524 2137 2664 2184 cum
2712 2118 3097 2203 Syracusano
3140 2117 3272 2182 illo.
3363 2117 3499 2183 Hac

583 2253 651 2299 re
699 2235 879 2319 gesta
925 2233 1325 2300 Zenothemis
1371 2235 1480 2300 alii
1525 2233 1910 2319 Syracusano
1957 2235 2113 2301 item
2174 2237 2247 2300 ut
2300 2234 2625 2320 pecuniam
2671 2233 2794 2300 sibi
2840 2235 3125 2299 mutuam
3168 2231 3349 2298 daret
3390 2250 3498 2298 eo·

585 2349 728 2415 dem
775 2351 958 2416 Preti
1003 2350 1316 2418 frumento
1363 2351 1770 2436 oppignerato
1815 2351 2191 2433 persuadere
2236 2353 2513 2417 conatur.
2606 2349 2726 2430 Qui
2772 2367 2912 2414 cum
2968 2367 3043 2414 ex
3096 2348 3497 2433 Hegestrato,

585 2463 867 2531 eiusdem
913 2465 1088 2531 urbis
1137 2467 1295 2544 ciue,
1341 2485 1492 2530 num
1535 2465 1692 2531 fides
1738 2466 1961 2532 haberi
2004 2468 2218 2550 posset
2262 2464 2717 2545 Zenothemidi,
2764 2466 3112 2548 quaereret,
3152 2465 3500 2549 Hegestra-

583 2581 686 2647 tus
732 2581 803 2648 ut
848 2599 960 2666 par
1005 2583 1142 2647 erat
1186 2580 1344 2649 item
1391 2581 1707 2649 officiosus
1754 2583 1891 2648 erat
1933 2583 2001 2649 in
2046 2581 2257 2661 illum,
2313 2580 2689 2648 adseuerans
2736 2579 3148 2647 Zenothemin
3202 2579 3500 2647 frumenti

585 2715 880 2781 magnam
927 2698 1168 2780 copiam
1215 2698 1282 2763 in
1327 2716 1550 2764 nauem
1597 2716 1778 2763 suam
1822 2698 2213 2781 imposuisse.
2304 2698 2431 2762 Dat
2474 2698 2671 2782 igitur
2713 2697 2880 2763 alter
2922 2696 3031 2763 ille
3078 2696 3500 2781 Syracusanus

583 2814 776 2880 etiam
839 2812 1271 2879 Zenothemidi
1328 2813 1694 2896 pecuniam:
1759 2813 1852 2878 ita
1913 2814 2150 2880 tertia
2205 2812 2282 2878 de
2342 2812 2562 2878 eodem
2621 2812 2937 2878 frumento
2996 2812 3069 2877 fit
3123 2811 3496 2897 syngrapha.

583 2928 754 3010 Quae
801 2930 1133 3012 postquam
1179 2931 1388 2995 omnia
1435 2930 1672 3012 optime
1719 2930 2071 3008 cesserunt,
2120 2929 2441 3014 geminum
2486 2926 2647 2993 illud
2688 2927 2757 2993 in
2802 2926 3148 2994 latrociniis
3180 2944 3321 3011 par,
3368 2928 3500 2992 He-

581 3044 897 3129 gestratus
944 3062 1017 3110 ac
1063 3044 1461 3111 Zenothemis
1507 3045 1772 3127 pecunia
1815 3063 2000 3127 quam
2048 3064 2158 3127 per
2200 3042 2482 3110 fraudem
2530 3045 2899 3127 acceperant
2944 3044 3105 3109 clam
3152 3043 3499 3109 Massiliam

583 3161 776 3225 missa
820 3178 1048 3225 nauem
1095 3177 1254 3243 quae
1301 3158 1584 3225 Athenas
1628 3160 2036 3225 reueheretur
2080 3160 2403 3226 soluerunt
2425 3158 2532 3245 ¹⁷).

759 3275 940 3341 Hanc
985 3273 1514 3341 narratiunculam
1574 3276 1923 3361 quicunque
1971 3276 2333 3360 perlegerit,
2388 3277 2448 3343 ei
2489 3276 2878 3359 lepidissima
2944 3294 3093 3344 sane
3148 3274 3496 3343 uidebitur:

582 3390 694 3457 sed
724 3409 864 3456 cum
912 3390 1122 3456 omnia
1165 3391 1371 3456 animo
1399 3389 1712 3469 lustrariS,
1757 3391 1916 3457 mira
1964 3392 2150 3459 etiam
2200 3393 2300 3457 usi
2344 3410 2482 3457 esse
2514 3392 2764 3458 fortuna
2806 3391 3186 3458 uidebuntur
3215 3392 3497 3459 homines

581 3506 678 3573 illi
724 3506 846 3572 duo
891 3506 1164 3572 scelesti.
1257 3506 1470 3572 Facile
1519 3508 1684 3571 enim
1732 3526 2014 3591 quaeras,
2063 3507 2171 3590 qui
2218 3508 2353 3573 fieri
2397 3508 2692 3591 potuerit,
2739 3509 2811 3573 ut
2842 3506 3212 3592 Syracusani
3256 3508 3498 3575 fenera-

581 3625 773 3702 tores,
833 3620 982 3688 dum
1043 3622 1223 3688 nauis
1285 3622 1353 3687 in
1406 3624 1593 3707 portu
1657 3624 1825 3702 erat,
1882 3641 2083 3707 neque
2138 3624 2303 3689 inter
2349 3642 2414 3689 se
2462 3642 2736 3706 unquam
2783 3621 2859 3689 de
2904 3624 3297 3707 syngraphis,
3346 3644 3500 3708 quas

583 3760 724 3807 cum
787 3740 1169 3823 Hegestrato
1227 3740 1294 3804 et
1351 3738 1795 3804 Zenothemide
1857 3740 2193 3823 separatim
2251 3738 2469 3806 eodem
2530 3738 2790 3822 pignore
2858 3738 3137 3823 obligato
3200 3737 3499 3817 fecerant,

583 3856 1104 3941 conloquerentur
1149 3872 1350 3939 neque
1396 3855 1462 3919 in
1505 3855 1754 3938 portum
1799 3854 2092 3921 uenirent
2135 3854 2436 3919 humenti
2481 3854 2852 3937 inspiciendi
2897 3873 3102 3934 causa,
3158 3854 3269 3921 ubi
3326 3854 3503 3919 cuius

734 4172 800 4243 ²⁰)
837 4172 1146 4244 Philippius
1182 4188 1236 4243 p.
1275 4172 1398 4228 578.
1483 4172 1547 4241 ¹²)
1585 4171 1842 4227 aduersus
1882 4170 2265 4225 Phormionem
2313 4170 2427 4239 (34)
2475 4170 2507 4236 g
2546 4170 2595 4224 9.
2680 4169 2745 4238 ¹²)
2782 4170 2815 4239 fi
2855 4169 2941 4233 12,
2983 4168 3062 4233 15,
3107 4167 3188 4221 18.
3268 4162 3335 4231 ²³)
3372 4160 3498 4217 inde

583 4279 618 4317 a
651 4262 684 4330 9
719 4262 770 4317 4.
852 4260 920 4332 ¹⁴)
955 4262 988 4329 9
1025 4263 1087 4318 4:
1125 4257 1328 4316 §nrm
1364 4266 1517 4316 σῖτον
1551 4258 1610 4315 ἐν
1645 4260 1710 4331 τῇ
1747 4258 1843 4329 νηῒ
1873 4257 2063 4313 πολύν.
2128 4258 2195 4326 ²⁶)
2232 4260 2265 4327 fi
2303 4260 2363 4321 43
2401 4252 2691 4327 ὑπηρέτης,
2730 4260 2763 4327 fi
2800 4259 2860 4312 8:
2910 4254 3080 4324 λέγων
3114 4249 3193 4318 ὥς
3227 4247 3405 4316 αὑτός
3440 4266 3497 4304 τε

581 4350 675 4403 καὶ
709 4350 780 4403 τὰ
813 4346 1044 4419 χρήματ’
1081 4345 1298 4404 ἐκεῖθέν
1331 4345 1458 4417 ἐστι,
1495 4351 1528 4418 ς
1570 4350 1666 4403 15:
1703 4342 1736 4402 ὁ
1771 4346 1869 4412 σὸς
1904 4347 2170 4412 κοινωνὸς
2202 4347 2297 4401 καὶ
2334 4346 2571 4417 πολίτης.
2653 4346 2720 4415 ²⁸)
2758 4348 2791 4417 fi
2827 4348 2891 4401 4:
2940 4340 3019 4399 &v
3056 4340 3118 4399 δὲ
3153 4339 3188 4400 ὁ
3222 4338 3322 4411 μὲν
3365 4337 3498 4395 ταῦ-

583 4442 798 4510 nineve,
835 4434 870 4495 ὁ
903 4435 956 4494 δ’
991 4434 1266 4511 ἐπιβάτης.
1343 4436 1412 4508 ¹²)
1447 4440 1480 4509 fi
1515 4440 1549 4493 5
1587 4438 1710 4493 init.
