3876 5242
1851 241 2242 306 ...8.-

1994 457 2082 543 V.

755 638 962 703 Biduo
1009 640 1224 704 autem
1269 637 1376 704 uel
1419 637 1633 703 triduo
1677 639 2106 722 praeterlapso
2124 637 2215 724 ¹⁹)
2254 641 2382 706 iam
2426 643 2679 724 tempus
2724 659 2861 707 esse
2906 642 3000 707 rei
3044 641 3355 727 gerendae
3400 659 3501 708 ar-

580 753 997 820 bitrabantur.
1065 755 1232 819 Dum
1276 755 1466 819 noctu
1499 754 1898 819 Zenothemis
1946 773 2087 820 cum
2134 754 2359 822 ceteris
2402 756 2763 822 unctoribus
2822 758 2889 822 in
2950 759 3266 824 constrato
3322 760 3503 824 nauis

576 875 865 938 uersatur
909 890 980 937 ac
1025 871 1208 936 uultu
1256 890 1473 937 sereno
1521 889 1659 936 cum
1709 872 1801 938 eis
1832 870 2173 936 familiares
2221 871 2463 937 confert
2507 889 2845 952 sermones,
2894 891 3037 938 ecce
3082 873 3385 956 strepitus
3426 892 3497 939 ex

574 987 791 1052 infima
835 1005 992 1054 naue
1039 986 1119 1052 ad
1165 1005 1346 1052 aures
1392 1005 1606 1052 eorum
1635 987 1947 1070 penetrat.
2022 985 2355 1052 Perterriti
2386 1005 2601 1053 omnes
2646 991 3039 1068 concurrunt,
3090 987 3499 1065 descendunt,

575 1103 1025 1187 Hegestratum
1081 1101 1553 1186 deprehendunt
1606 1100 1866 1166 fundum
1929 1101 2372 1184 perforantem.
2474 1103 2629 1170 Irati
2690 1104 3069 1188 supplicium
3138 1106 3199 1170 ei
3256 1105 3500 1170 minan·

579 1220 714 1296 tnr;
763 1217 930 1304 fugit
978 1218 1425 1303 Hegestratus:
1473 1237 1613 1285 cum
1661 1219 1871 1284 autem
1919 1217 1987 1282 in
2032 1218 2311 1284 lembum
2356 1235 2423 1284 se
2470 1219 2753 1285 conicere
2798 1218 3039 1300 uellet,
3097 1238 3172 1287 eo
3236 1239 3361 1287 non
3404 1221 3502 1286 in-

577 1336 768 1400 uento
815 1336 881 1400 in
929 1352 1096 1399 mare
1145 1332 1434 1416 delapsus
1479 1333 1744 1399 haustus
1792 1336 1921 1402 est:
1968 1329 2168 1410 κακὸς
2211 1335 2423 1410 κακῶς
2468 1328 2775 1401 ἀπώλετο.
2844 1335 3243 1402 Zenothemis
3289 1338 3501 1402 autem

578 1451 650 1514 ut
694 1468 842 1516 uere
887 1449 1296 1532 philosophus
1342 1467 1420 1515 ne
1453 1453 1755 1532 punctum
1789 1447 2043 1533 quidem
2094 1449 2397 1532 temporis
2440 1451 2607 1516 socio
2654 1451 2721 1514 et
2764 1452 2963 1516 amico
2998 1451 3224 1518 misere
3272 1453 3501 1518 amisso

584 1566 986 1648 perturbatur
1028 1564 1279 1632 animo:
1329 1565 1508 1648 quasi
1551 1565 1750 1630 totius
1795 1565 1888 1630 rei
1931 1565 2188 1648 ignarus
2234 1566 2402 1630 esset
2458 1569 2525 1632 et
2584 1570 2757 1632 metu
2814 1566 3136 1649 perculsus
3194 1567 3285 1634 eis
3338 1585 3499 1650 quae

575 1679 963 1761 acciderant,
1034 1680 1450 1763 persuadebat
1517 1681 1746 1746 rectori
1813 1682 1878 1745 et
1946 1681 2153 1746 nautis
2182 1684 2287 1745 ’ut
2349 1681 2629 1747 lembum
2694 1699 2852 1748 naue
2914 1683 3135 1749 relicta
3194 1701 3499 1750 conscen-

574 1797 828 1863 derent:
877 1815 1018 1862 mox
1063 1797 1234 1862 enim
1277 1795 1408 1861 fore
1454 1797 1528 1860 ut
1571 1795 1955 1878 perforatum
2000 1795 2325 1880 nauigium
2372 1795 2680 1860 interiret.
2758 1794 3066 1862 Obstante
3097 1814 3247 1862 uero
3281 1815 3353 1864 ac
3398 1816 3500 1861 re-

573 1915 892 1997 pugnante
937 1914 1192 1978 uectore
1240 1911 1529 1996 quodam,
1578 1913 1684 1996 qui
1731 1906 1768 1978 ὁ
1813 1907 1963 1996 παρ’
2010 1904 2198 1996 ἡμῶν
2242 1894 2586 1994 συμπλέων
2632 1909 2984 1994 adpellatur
3006 1909 3117 1994 ⁸⁰),
3174 1931 3275 1992 ne,
3334 1912 3499 1996 quod

573 2029 682 2094 ille
729 2029 1036 2108 uoluerat,
1085 2029 1266 2094 nauis
1311 2026 1702 2094 desereretur
1761 2027 2057 2094 effectum
2121 2029 2246 2106 est,
2309 2025 2689 2111 deorumque
2750 2026 2980 2093 auxilio
3040 2029 3106 2092 et
3168 2029 3499 2094 nautarum

575 2145 956 2210 strenuitate
1001 2143 1298 2227 praemiis
1343 2161 1416 2208 ac
1461 2142 2023 2227 pollicitationibus
2068 2143 2339 2210 excitata
2384 2142 2657 2209 feliciter
2704 2143 2765 2208 in
2813 2141 3280 2224 Cephalleniam
3329 2144 3502 2210 insu-

575 2259 705 2324 lam
752 2261 1190 2342 peruenerunt.

764 2376 940 2441 Haec
995 2374 1312 2458 ceteroqui
1362 2375 1520 2440 bene
1567 2392 1640 2441 ac
1686 2374 1893 2459 lepide
1942 2375 2195 2440 narrata
2240 2374 2388 2439 sunt
2406 2371 2432 2411 ³
2448 2371 2528 2458 ¹):
2589 2391 2783 2440 unum
2826 2375 3046 2454 miror,
3112 2375 3277 2460 qued
3320 2378 3500 2460 pate-

575 2490 742 2556 facto
772 2490 1143 2575 Hegestrati
1174 2491 1406 2556 scelere
1439 2489 1848 2556 Zenothemin
1877 2509 1957 2555 ne
1987 2490 2122 2554 tum
2156 2487 2429 2572 quidem,
2480 2508 2622 2555 cum
2668 2489 2731 2554 in
2780 2489 2998 2555 eodem
3032 2488 3289 2558 consilio
3322 2491 3501 2556 nauis

573 2606 920 2692 perdendae
987 2606 1286 2675 audacter
1350 2615 1800 2690 perseueraret,
1871 2605 2111 2673 socium
2172 2605 2366 2672 fuisse
2432 2604 2605 2671 illius
2680 2605 2971 2673 facinoris
3040 2606 3497 2673 intellexerint:

575 2724 1000 2808 expectaueris
1032 2724 1198 2790 enim
1233 2723 1452 2789 statim
1499 2723 1740 2789 ceteros
1787 2723 2073 2789 uectores
2104 2720 2515 2788 Zenothemiu
2557 2721 2777 2787 ulcisci
2806 2724 2917 2787 aut
2960 2722 3243 2788 uinctum
3274 2723 3496 2789 saltem

577 2840 642 2903 in
675 2838 1147 2924 Cephalleniam
1192 2838 1462 2903 insulam
1493 2837 1794 2903 ducentes
1839 2838 2151 2904 iudicibus
2180 2835 2450 2903 tradere.
2521 2837 2799 2918 Quorum
2840 2837 3084 2903 nullum
3114 2837 3189 2903 fit
3217 2840 3496 2904 omnino.

753 2955 1023 3038 Reliqua
1069 2956 1352 3037 quaestio
1401 2954 1652 3037 quinam
1699 2952 1896 3018 fuerit
1950 2954 2060 3019 ille
2109 2946 2147 3019 ὁ
2192 2948 2341 3036 παρ’
2399 2946 2585 3037 ἡμῶν
2640 2948 3012 3035 συμπλέων,
3081 2973 3263 3036 quem
3312 2972 3500 3037 supra

577 3070 846 3139 diximus
891 3070 1326 3137 Zenothemidi
1372 3070 1715 3136 obstitisse.
1807 3068 1879 3135 In
1945 3067 2228 3134 diuersas
2285 3067 2362 3133 de
2422 3086 2495 3132 eo
2548 3068 2842 3133 abierunt
2898 3070 3243 3138 sententias
3302 3070 3501 3136 inter·

578 3189 826 3272 pretes:
871 3186 1244 3252 Penrosium
1290 3186 1477 3265 enim,
1526 3186 1633 3268 qui
1679 3184 2099 3267 explicauerat
2156 3208 2189 3245 ι
2206 3201 2285 3249 an
2340 3185 2534 3267 agent
2588 3180 2660 3249 of
2709 3181 2953 3249 Demon
3013 3182 3137 3250 and
3188 3184 3463 3251 Protus«
3481 3236 3498 3264 ‚

575 3304 828 3369 secutus
873 3302 954 3369 A.
987 3300 1336 3368 Schaeferus
1381 3320 1524 3367 eum
1569 3301 2035 3384 procuratorem
2084 3298 2381 3364 Demonis
2426 3298 2708 3381 adpellat
2755 3297 3146 3383 eundemque
3193 3320 3331 3367 esse
3363 3304 3495 3369 sta-

576 3420 706 3486 tuit
749 3422 938 3501 atque
997 3417 1546 3501 Aristophontem,
1607 3417 1784 3481 cuius
1840 3432 2070 3481 nomen
2129 3414 2313 3480 nobis
2366 3414 2638 3479 occurrit
2691 3413 2755 3479 in
2810 3414 2890 3499 ἐξ
2942 3417 3017 3481 11
3066 3418 3135 3481 et
3180 3418 3287 3481 24.
3382 3416 3499 3483 Cui

581 3533 980 3617 explicationi
1024 3533 1220 3599 uerba
1266 3532 1303 3617 ἕ
1357 3532 1434 3597 11
1483 3530 1734 3597 obstare
1779 3528 2101 3597 intellexit
2135 3528 2494 3613 Philippius
2514 3526 2633 3605 θὴς
2690 3530 2784 3596 eis
2838 3530 3005 3594 enim
3060 3546 3171 3593 nos
3228 3528 3495 3605 edoceri,

578 3649 1100 3733 Aristophontem
1153 3650 1372 3731 postea
1439 3647 1505 3713 in
1559 3664 1786 3711 nauem
1855 3664 1995 3712 esse
2064 3644 2464 3711 submissum.
2558 3646 2821 3711 Factum
2882 3645 3089 3710 autem
3160 3642 3273 3708 hoc
3336 3660 3493 3721 esse,

583 3768 913 3851 postquam
960 3764 1137 3831 nauis
1183 3764 1248 3830 in
1282 3761 1751 3845 Cephalleniam
1798 3760 2212 3845 peruenisset,
2257 3760 2754 3827 luculentissime
2798 3758 3061 3843 adparet
3107 3776 3179 3825 ex
3212 3758 3311 3825 his
3354 3776 3497 3825 uer·-

581 3882 675 3947 bis
722 3882 758 3965 5
813 3882 886 3946 ll
941 3874 1104 3965 ἡνίχ’
1152 3866 1346 3955 οὗτος
1392 3875 1698 3959 ἔπραττεν
1745 3873 1921 3954 ὅπως
1964 3870 2006 3961 ἦ
2050 3879 2219 3953 ναῦς
2261 3873 2351 3961 μὴ
2396 3870 2904 3943 καταπλεύσεται
2934 3878 3153 3959 δεῦρο,
3197 3875 3498 3960 πρεσβευ-

578 3993 701 4081 τὴν
763 3991 1180 4081 λαμβάνομεν
1199 3991 1288 4077 ³³)
1357 3993 1726 4077 quibuscum
1787 3996 2067 4059 conferas
2134 3992 2173 4076 ἦ
2229 3992 2355 4057 22:
2411 3986 2502 4057 ὅτ’
2558 3988 2629 4057 ἐν
2686 3992 3107 4079 Κεφαλληνίᾳ
3165 3986 3253 4075 μὴ
3306 3990 3507 4072 δεῦρο

767 4266 840 4383 ¹'‘9)
885 4315 918 4381 θ
969 4316 1035 4369 5:
1089 4307 1166 4377 ὥς
1218 4308 1330 4367 ἀπὸ
1385 4313 1487 4381 τῆς
1529 4310 1629 4381 γῆς
1677 4306 1901 4379 ἀπῆραν
1954 4309 2109 4366 δυοῖν
2158 4304 2196 4380 ἢ
2251 4310 2417 4377 τριῶν
2460 4302 2683 4378 simoin
2733 4301 2893 4362 ὁδόν.
2989 4304 3059 4373 ⁸⁰)
3104 4306 3139 4373 g
3190 4304 3223 4357 8
3273 4302 3508 4361 initium.

583 4402 655 4473 ¹¹)
695 4404 727 4472 9
764 4402 906 4457 5-8
945 4402 1082 4459 med.
1165 4400 1236 4471 ⁸²)
1283 4418 1334 4472 p.
1391 4400 1515 4456 578.
1608 4398 1678 4470 ⁸⁸)
1727 4399 1979 4456 Ceterum
2032 4399 2413 4455 obscurissimo
2462 4396 2948 4465 molestissimoque
3001 4390 3256 4462 loquendi
3316 4409 3511 4463 genere

585 4498 770 4547 orator
806 4492 908 4546 hoc
947 4492 1066 4547 loco
1103 4508 1228 4546 usus
1267 4496 1366 4546 est.
1433 4490 1572 4545 Sunt
1609 4490 1750 4544 enirn
1787 4489 1963 4544 multa
1986 4505 2124 4559 quae
2160 4486 2438 4543 offendant
2472 4487 2529 4540 in
2558 4485 2659 4540 hoc
2698 4482 3011 4539 enuntiatot
3054 4477 3112 4535 ἐκ
3148 4480 3358 4536 τούτων
3394 4477 3508 4547 ἕνα,
