3876 5242
1603 225 2041 289 ,17-

540 425 685 490 Dixi
729 423 806 488 de
853 423 1231 489 testimoniis
1276 424 1356 488 ab
1403 425 1644 488 oratore
1691 422 1965 487 adlatis:
2030 421 2314 504 superest
2360 422 2431 485 ut
2478 435 2769 484 moneam
2828 417 2905 480 de
2963 416 3052 481 eis
3124 433 3282 499 quae

363 541 596 607 omisit.
661 539 754 606 De
802 539 1020 606 eodem
1065 539 1380 605 frumento
1427 539 1481 604 si
1529 539 1762 603 oratori
1811 536 2189 602 credendum
2236 554 2356 600 non
2403 534 2611 600 minus
2643 535 2941 617 quattuor
2985 532 3289 596 extabant

361 657 796 742 syngraphae:
857 657 1060 738 prima
1118 673 1314 737 eaque
1374 655 1504 719 sola
1563 672 1713 719 uera
1769 653 1933 719 inter
1990 655 2250 719 Protum
2316 655 2380 716 et
2442 651 2831 728 Demonem,·
2877 649 3059 714 fictae
3122 648 3291 712 inter

361 773 775 839 Zenothemin
823 774 888 837 et
933 771 1372 855 Syracusanos,
1421 771 1587 836 inter
1633 770 2089 854 Hegestratum
2136 772 2203 834 et
2248 767 2401 833 alios
2448 767 2897 851 SyracusanOS,
2946 765 3112 830 inter
3158 765 3288 828 He-

362 891 715 974 gestratum
763 889 830 953 et
875 889 1328 954 Zenothemin:
1377 889 1604 969 quibus
1650 884 1946 952 accedere
1981 885 2249 968 denique
2294 885 2547 950 uidetur
2593 883 2811 966 quinta
2842 899 3026 964 quam
3075 899 3287 945 emen-

363 1007 520 1072 titus
576 1007 676 1070 est
721 1005 1122 1070 Zenothemis
1178 1005 1347 1070 inter
1405 1023 1472 1068 se
1533 1014 1599 1069 et
1657 1002 2085 1068 Massilienses
2142 1001 2527 1066 feneratores
2586 1000 2817 1064 extare.
2910 996 3081 1078 Quae
3144 1015 3289 1080 syn-

370 1121 644 1206 graphae
704 1139 846 1186 cum
907 1121 1070 1202 apud
1116 1121 1483 1203 trapezitam
1545 1101 1820 1202 aliquem
1883 1117 2109 1201 deponi
2170 1116 2471 1196 solerent,
2536 1135 2645 1181 cur
2698 1133 2824 1180 non
2884 1131 3059 1179 suam
3132 1130 3289 1196 quae

367 1238 500 1302 sola
545 1255 697 1302 uera
745 1237 880 1302 erat
937 1237 1016 1301 ab
1063 1236 1313 1302 homine
1359 1236 1492 1316 ille,
1554 1236 1728 1301 cuius
1777 1233 2095 1300 custodiae
2145 1234 2564 1310 commiserat,
2626 1231 2855 1314 petiuit
2899 1229 3169 1308 Demon,
3217 1230 3291 1292 ut

367 1372 477 1436 pro
523 1353 886 1419 testimonio
932 1353 1272 1419 uteretur?
1318 1371 1428 1417 cur
1469 1372 1592 1418 non
1642 1369 1779 1417 eam
1825 1353 1894 1416 in
1923 1369 2044 1434 qua
2075 1350 2271 1415 totius
2314 1350 2451 1414 litis
2498 1347 2685 1414 cardo
2731 1348 3084 1413 uerteretur
3128 1346 3289 1411 reci-

367 1469 493 1534 tari
537 1469 729 1534 iussit
771 1487 810 1533 a
856 1468 1082 1547 scriba,
1141 1468 1204 1533 id
1251 1467 1417 1551 quod
1461 1467 1655 1533 fiebat
1707 1468 1774 1533 in
1831 1466 2119 1532 omnibus
2164 1466 2348 1530 huius
2393 1466 2642 1550 generis
2688 1463 3088 1530 actionibus?
3182 1461 3290 1527 Sin

377 1603 524 1649 casu
567 1584 673 1649 uel
716 1582 933 1650 fraude
982 1584 1210 1649 amissa
1255 1583 1501 1663 fuisset,
1551 1583 1816 1651 indicari
1863 1582 1927 1647 id
1971 1583 2036 1647 in
2086 1583 2364 1648 oratione
2410 1581 2547 1665 ipsa
2594 1580 2880 1646 debebat.
2976 1577 3288 1661 Suspitio-

379 1718 521 1766 nem
565 1700 762 1784 igitur
803 1702 1020 1765 mouet
1078 1701 1343 1765 oratoris
1391 1699 1713 1766 silentium
1761 1699 1838 1764 de
1884 1698 2021 1782 ipso
2078 1717 2149 1763 eo
2206 1697 2569 1762 testimonio
2628 1695 2790 1779 quod
2847 1695 3289 1779 grauissimum

373 1815 564 1882 fuerit
609 1833 860 1882 necesse
908 1817 1026 1882 est.

1774 2007 1878 2092 X.

554 2187 796 2253 Demon
841 2188 1285 2254 Zenothemide
1332 2190 1645 2267 hortante,
1696 2189 1804 2273 qui
1850 2206 1916 2254 se
1964 2188 2044 2254 ab
2091 2188 2216 2254 alio
2264 2187 2426 2253 deici
2479 2205 2601 2252 non
2650 2187 2916 2266 sineret,
2972 2185 3288 2252 frumento

376 2302 612 2386 potitus
646 2306 818 2369 erat:
866 2307 1094 2389 pignus
1129 2323 1236 2388 pro
1270 2305 1554 2388 pecunia,
1604 2324 1791 2388 quam
1821 2305 2109 2370 mutuam
2140 2304 2419 2382 dederat,
2466 2307 2792 2387 acceperat
2836 2323 2875 2369 a
2906 2299 3287 2388 debitore⁶⁸)

373 2418 544 2484 Num
587 2418 786 2504 igitur
831 2419 1083 2498 Protus,
1132 2421 1238 2504 qui
1286 2419 1498 2486 debito
1545 2419 1788 2486 solutus
1836 2421 1992 2501 erat,
2053 2421 2243 2486 etiam
2290 2419 2451 2486 liber
2498 2421 2733 2498 euasit,
2792 2419 2957 2503 quod
3003 2419 3137 2484 iure
3186 2437 3291 2484 ex-

369 2535 740 2617 pectaueriS‚
786 2535 1000 2601 litium
1048 2537 1112 2601 et
1159 2535 1478 2602 actionum
1522 2535 1798 2618 periculo
1823 2539 1854 2600 Ρ
1946 2537 2125 2603 Nihil
2172 2537 2399 2602 minus.
2495 2535 2637 2602 Non
2684 2534 2886 2602 solum
2942 2535 3025 2601 lis
3088 2537 3146 2602 ei
3193 2535 3291 2599 in-

369 2652 652 2718 tenditur
699 2670 736 2717 a
781 2652 1248 2731 Zenothemide,
1297 2652 1409 2719 sed
1456 2654 1648 2719 etiam
1695 2656 2125 2721 controuersia
2178 2655 2237 2719 ei
2283 2654 2481 2719 oritur
2546 2672 2687 2718 cum
2746 2654 3049 2719 Demone.
3140 2652 3291 2717 Ete-

375 2768 502 2832 nim
550 2786 792 2834 annona
838 2768 1049 2834 laxata
1091 2769 1372 2853 grauiter
1416 2768 1702 2835 ferebant
1746 2770 1983 2835 Demou
2038 2771 2291 2853 eiusque
2340 2769 2493 2835 socii
2538 2769 2867 2848 iacturam,
2917 2787 3073 2853 quae
3118 2770 3291 2852 post-

381 2904 562 2967 quam
611 2884 994 2951 frumentum
1040 2904 1155 2969 pro
1201 2887 1462 2969 pecunia
1506 2888 1882 2971 acceperunt
1927 2886 2049 2951 sibi
2097 2886 2474 2952 immineret.
2555 2886 2625 2950 In
2656 2886 2919 2951 Protum
2965 2885 3155 2951 huius
3201 2884 3291 2949 rei

375 2998 621 3083 culpam
667 3000 948 3067 conferre
996 3003 1062 3067 et
1108 3001 1165 3067 ei
1211 3001 1487 3067 conuitia
1543 3000 1746 3067 facere
1793 3020 1909 3068 nec
1954 3021 2221 3086 aequum
2282 3004 2418 3068 erat
2473 3004 2539 3067 et
2585 3001 2853 3067 stultum
2916 3022 3055 3067 cum
3112 3018 3293 3085 prae-

375 3116 595 3181 sertim
643 3118 778 3183 eius
824 3118 1096 3183 hominis
1141 3116 1506 3183 testimonio
1554 3116 1618 3181 in
1663 3117 1778 3183 lite
1823 3118 2125 3185 utendum
2175 3120 2363 3183 esset.
2457 3116 2577 3184 Sed
2624 3118 2722 3183 fac
2768 3119 3113 3185 Demonem
3158 3120 3292 3183 tam

375 3233 622 3299 incaute
669 3232 896 3317 egisse.
991 3232 1154 3314 Quid
1199 3235 1414 3299 autem
1459 3232 1535 3299 de
1581 3233 1772 3299 Proto
1819 3234 1957 3318 ipso
2003 3234 2211 3300 orator
2235 3238 2265 3299 ‘e’
2335 3233 2505 3299 Dicit
2551 3253 2695 3300 eum
2729 3236 3061 3318 postquam
3092 3234 3295 3299 Athe-

377 3366 486 3413 nas
517 3342 942 3431 uenisset(‹159
980 3346 1052 3415 δὲ
1081 3351 1275 3431 δεῦρο
1321 3346 1594 3435 ἥκοντος
1639 3345 1847 3415 αὐτοῦ
1891 3349 1999 3415 καὶ
2045 3349 2185 3435 περὶ
2219 3353 2425 3416 ταῦτα
2470 3347 3092 3435 πραγματευομένου
3139 3346 3292 3413 ἐπα-

377 3466 573 3546 νῆκεν
619 3458 656 3528 ὁ
701 3470 894 3545 σῖτος,
941 3462 1142 3550 ἄλλην
1189 3460 1436 3541 εὐθέως
1483 3462 1667 3551 ἔλαβε
1711 3462 2087 3551 γνώμηνῦἢ
2154 3487 2297 3533 cum
2354 3467 2540 3532 antea
2586 3466 2854 3532 Demoni
2909 3464 3097 3531 fidem
3158 3484 3291 3531 ser-

379 3581 612 3659 uasset,
659 3580 868 3647 subito
915 3582 1289 3647 sententiam
1353 3584 1629 3647 mutasse
1688 3582 1780 3647 ita
1841 3584 1915 3647 ut
1973 3583 2278 3649 iacturam
2338 3602 2412 3648 ex
2458 3582 2771 3647 frumento
2829 3582 3285 3659 imminentem,

377 3695 542 3777 quod
600 3696 856 3763 interim
917 3698 1108 3763 uilius
1169 3697 1406 3764 factum
1471 3698 1634 3777 erat,
1703 3696 1923 3764 mallet
1971 3700 2035 3763 in
2084 3700 2429 3766 Demonem
2474 3697 2834 3765 transferre.
2930 3697 3295 3780 Quicunque

375 3812 591 3877 autem
633 3814 1056 3880 narrationem
1100 3834 1139 3879 a
1183 3814 1222 3897 g
1273 3816 1355 3879 14
1401 3834 1597 3899 usque
1643 3816 1722 3882 ad
1771 3820 1855 3882 20
1902 3816 2261 3900 perlegerit,
2325 3818 2380 3882 is
2427 3817 2766 3899 perspiciet
2810 3818 3125 3881 oratorem
3172 3812 3296 3879 sibi

377 3944 500 3990 non
547 3930 848 3995 constare.
939 3929 1041 3995 lbi
1088 3930 1252 3995 enim
1301 3933 1590 3997 narratur
1621 3932 1848 3998 Protus
1895 3951 2137 3999 summa
2183 3933 2251 3999 ui
2281 3932 2713 3999 Zenothemidi
2757 3932 3067 3997 restitisse
3113 3950 3297 3995 suum

381 4060 515 4109 esse
562 4042 774 4111 dicens
820 4044 1237 4125 frumentum3
1288 4048 1438 4131 quid
1484 4048 1649 4131 quod
1695 4050 1887 4115 etiam
1933 4048 2269 4131 pollicetur
2310 4068 2377 4115 se
2426 4048 2765 4133 Syracusas
2818 4048 3241 4130 profecturum
3264 4050 3296 4111 P

379 4158 520 4225 Non
567 4160 764 4245 igitur
811 4162 986 4229 Preti
1044 4165 1350 4231 machinis
1409 4164 1523 4231 sed
1575 4163 2040 4231 Zenothemidis
2100 4164 2521 4231 obstinatione
2583 4183 2656 4230 ac
2719 4163 3185 4248 perseuerantia
3230 4162 3297 4227 id

522 4478 596 4549 ¹⁵⁸)
631 4482 664 4549 β
703 4482 771 4537 20
810 4478 975 4551 ἡμῖν.
996 4524 1008 4539 .
1033 4524 1046 4539 .
1084 4484 1446 4555 παρειληφόσι
1492 4484 1590 4541 τὸν
1636 4491 1788 4541 σῖτον
1835 4484 1993 4555 παρὰ
2040 4487 2140 4541 τοῦ
2188 4486 2416 4549 δικαίως
2463 4482 2577 4540 ἐκεῖ
2621 4483 2940 4555 πριαμένου.
3019 4484 3090 4554 ⁶⁴)
3134 4486 3166 4553 fi
3205 4486 3290 4540 25.

2942 4594 2975 4648 8
