3876 5242
1815 137 2249 198 *14-

569 331 737 394 enim
783 331 996 411 inepte
1050 319 1387 411 anticipari
1441 329 1587 406 hoc,
1647 327 1906 392 Demoni
1968 327 2087 410 ipsi
2136 327 2543 392 Zenothemin
2608 347 2743 391 esse
2806 327 3267 409 expellendum,
3318 327 3481 410 quod

567 444 980 528 consequatur
1027 461 1100 508 ex
1145 443 1530 509 testimoniis
1575 461 1732 526 quae
1777 442 1997 526 postea
2042 441 2287 506 demum
2336 441 2717 506 adferantur.
2814 441 3049 506 'l'amen
3104 442 3483 524 ineptiorem

568 576 706 624 esse
751 557 918 624 hunc
947 555 1154 624 locum
1201 557 1421 623 multis
1466 556 1606 621 aliis
1651 555 1834 622 huius
1879 557 2175 622 orationis
2220 554 2525 641 nego⁴³);
2572 576 2687 622 nec
2734 559 2789 620 si
2832 557 3117 638 ineptuS,
3174 555 3320 621 inde
3364 557 3481 622 ab·

567 673 935 740 iudicandus
982 672 1059 738 ab
1106 673 1348 739 oratore
1393 670 1730 756 nostro.⁴=⁴)

747 787 1081 868 Quaeritur
1133 787 1396 870 denique
1452 805 1640 872 quare
1697 787 2099 854 Zenothemis
2154 807 2191 852 a
2245 787 2521 853 Demone
2591 788 2885 854 maluerit
2942 805 3126 870 quam
3195 807 3233 853 a
3286 787 3481 852 Proto

566 903 864 970 frumenti
909 903 1296 985 possessione
1345 901 1589 987 expelli.
1683 902 1776 967 De
1823 921 1943 985 quo
1990 903 2319 986 postquam
2364 904 2473 969 alii
2516 903 2641 969 alia
2686 903 3213 988 excogitauerunt‚
3263 921 3481 968 ueram

565 1037 812 1084 causam
860 1018 1212 1102 Philippius
1257 1017 1379 1082 sibi
1423 1019 1734 1083 inuenisse
1781 1017 1957 1082 uisus
2002 1019 2116 1082 est.
2210 1017 2453 1100 Nempe
2514 1018 2785 1084 noluisse
2842 1019 3249 1084 Zenothemin
3296 1019 3481 1100 δίκην

567 1130 831 1218 ἐξούλης
875 1135 942 1200 in
986 1135 1250 1200 Protum
1293 1133 1655 1211 instituere,
1711 1134 1810 1199 cui
1854 1151 2290 1216 persuasurum
2334 1151 2472 1200 sese
2520 1135 2815 1216 speraret,
2860 1135 2933 1198 ut
2978 1134 3039 1198 in
3086 1152 3228 1199 suas
3274 1135 3482 1198 trans-

563 1251 688 1315 iret
739 1250 970 1332 partes.
1065 1249 1446 1314 Admiranda
1497 1249 1778 1331 profecto
1825 1247 2138 1331 sagacitas
2184 1249 2321 1313 erat
2366 1247 2857 1324 Zenothemidis‚
2908 1267 3031 1330 qua
3072 1251 3485 1332 auguraretur

563 1363 631 1429 id
675 1363 827 1442 fore,
874 1364 1036 1446 quod
1083 1363 1314 1430 frustra
1357 1362 1560 1429 adhuc
1605 1382 1748 1428 eum
1795 1363 2087 1428 conatum
2132 1380 2266 1428 esse
2314 1379 2389 1426 ex
2434 1381 2505 1427 eo
2555 1363 2833 1444 adparet,
2881 1362 3045 1444 quod
3083 1363 3311 1428 Protus
3350 1363 3481 1427 fru-

565 1477 852 1544 mentum
903 1479 1199 1544 uindicat.
1285 1478 1674 1544 Admirabile
1731 1478 1924 1542 etiam
1969 1477 2269 1542 Demonis
2335 1477 2661 1561 ingenium
2724 1479 2829 1561 qui
2892 1479 3175 1560 quamuis
3240 1477 3479 1542 sincere

565 1595 638 1660 ut
664 1594 1014 1676 Philippius
1058 1595 1192 1677 ipse
1235 1591 1554 1678 putat4⁶)‚
1606 1593 1684 1658 ad
1731 1592 2149 1674 Syracusanos
2195 1593 2599 1677 magistratus
2632 1593 2859 1658 Protus
2904 1592 3275 1675 prouocaret
3312 1593 3477 1658 idem

567 1708 732 1791 quod
763 1709 1160 1775 Zenothemis
1201 1709 1276 1774 de
1309 1709 1482 1774 Proti
1511 1708 1771 1791 perfidia
1815 1708 2205 1790 praesagiret
2246 1709 2457 1790 itaque
2506 1709 2569 1772 id
2613 1709 2817 1790 ipsum
2862 1705 3330 1816 facerethuod
3360 1707 3475 1772 Ze-

566 1825 878 1890 nothemis
943 1825 1083 1889 fieri
1153 1823 1364 1890 uellet.
1383 1821 1474 1908 4⁶)
1565 1824 1744 1888 Hanc
1811 1841 1961 1888 uero
2032 1823 2385 1906 explicandi
2441 1825 2749 1890 rationem
2804 1822 3297 1888 artificiosiorem
3344 1841 3481 1888 esse

565 1957 816 2004 censeo:
879 1940 1074 2006 multo
1135 1957 1283 2004 sane
1337 1937 1682 2020 simplicior
1736 1938 1812 2002 de
1853 1938 2083 2004 Vriesii
2130 1915 2547 2023 sententian)
2570 1987 2585 2016 ,
2646 1938 2875 2004 idcirco
2934 1937 3227 2003 maluisse
3284 1937 3479 2002 Zeno-

565 2043 808 2120 themin
865 2073 1002 2120 cum
1059 2055 1338 2120 Demone
1390 2055 1504 2119 lite
1557 2071 1746 2138 agere
1794 2072 1983 2136 quam
2028 2073 2169 2120 cum
2218 2053 2405 2118 Proto
2426 2101 2442 2131 ‚
2492 2052 2653 2137 quod
2696 2053 2805 2118 ille
2849 2055 3019 2118 esset
3064 2053 3477 2135 pecuniosior.

1952 2261 2093 2345 IX.

744 2442 1140 2509 Zenothemis
1185 2443 1380 2528 igitur
1427 2443 1502 2508 de
1549 2445 1940 2527 possessione
1988 2443 2287 2509 frumenti
2338 2463 2376 2509 a
2422 2444 2699 2509 Demone
2747 2443 3025 2510 deiectus
3068 2445 3381 2510 actionem
3422 2444 3481 2509 ei

564 2557 836 2627 intendit
879 2559 1316 2625 mercatoriam
1367 2557 1580 2643 (δίκην
1625 2554 2044 2643 ἐμπορικὴν);
2104 2577 2289 2643 quam
2347 2559 2531 2644 δίκην
2578 2556 2843 2643 ἐξούλης
2888 2559 3079 2625 fuisse
3144 2557 3481 2645 (actionem

567 2676 726 2741 unde
769 2676 864 2760 ui)
913 2678 1082 2741 recte
1131 2677 1407 2740 statuere
1463 2675 1711 2739 uidetur
1756 2672 2241 2758 Philippiusffl).
2335 2676 2411 2740 Ei
2468 2678 2698 2742 actioni
2752 2676 2995 2740 Demcn
3054 2674 3481 2757 exceptionem

569 2787 1066 2875 (παραγραφὴν)
1115 2790 1434 2873 opposuit:
1483 2790 1644 2853 hanc
1686 2788 1762 2855 de
1805 2808 1925 2871 qua
1956 2792 2200 2873 agimus
2231 2791 2577 2856 orationem
2610 2792 2831 2856 habuit
2858 2793 2925 2855 in
2956 2791 3202 2857 iudicio.
3253 2790 3482 2856 Atten-

567 2908 786 2974 damus
832 2907 1026 2991 igitur
1071 2904 1380 2989 quomodo
1427 2924 1559 2970 rem
1605 2924 1780 2970 suam
1825 2907 2195 2972 instituerit.
2744 2882 2753 2890 ⁹

741 3024 816 3088 In
861 3022 1077 3087 libello
1136 3020 1628 3099 ZenothemidiS,
1698 3021 1801 3105 qui
1859 3020 1895 3105 g
1945 3024 1984 3087 2
2042 3022 2356 3099 laudatur,
2428 3020 2729 3103 scriptum
2791 3024 2927 3087 erat
2983 3022 3127 3087 hoc:
3193 3022 3484 3087 δανεῖσαι

569 3140 660 3221 (h.
695 3156 749 3203 e.
793 3140 886 3221 se)
938 3131 1342 3226 Ἡγεστράτῳ
1403 3132 1766 3226 ναυκλήρῳ,
1837 3133 2077 3202 τούτου
2147 3134 2217 3201 δὲ
2283 3132 2692 3219 ἀπολομένου
2761 3134 2831 3201 ἐν
2874 3140 2963 3225 τῷ
3016 3132 3276 3221 πελάγει
3322 3132 3485 3221 ἡμᾶς

569 3254 940 3337 (Demonem
995 3254 1250 3337 eiusque
1310 3253 1538 3337 socios)
1603 3248 1689 3318 τὸ
1753 3256 2048 3318 ναῦλον
2113 3254 2635 3337 σφετερίσασθαι.
2728 3253 2859 3317 Iam
2926 3272 3065 3318 cum
3130 3252 3195 3317 in
3258 3251 3483 3319 ceteris

714 3555 765 3588 ⁴³
797 3572 1016 3627 prorsus
1052 3557 1184 3611 item
1221 3555 1404 3626 inepte
1441 3540 1688 3611 additum
1729 3560 1813 3611 est
1849 3558 1880 3625 ξ
1921 3557 2020 3611 20:
2060 3554 2328 3621 προειδώς
2362 3552 2425 3608 θ’
2463 3550 2683 3609 ἅπαντα
2718 3552 2977 3623 ἐφαίνετο
3016 3548 3057 3609 δι’
3092 3552 3123 3609 ὁ
3152 3554 3490 3623 Ηγέστρατος

566 3642 897 3712 ἐκακούργει.
976 3643 1046 3713 “)
1084 3645 1308 3699 Errauit
1356 3644 1522 3699 etiam
1571 3645 1626 3699 in
1673 3662 1736 3699 eo
1782 3645 2090 3714 Philippius
2141 3645 2279 3713 quod
2330 3644 2470 3699 dixit
2524 3663 2573 3715 p.
2614 3646 2735 3710 582,
2781 3649 2895 3700 not.
2942 3648 2973 3699 9
3012 3642 3489 3711 διαμαρτύρεσθαι

568 3750 750 3788 nocem
788 3734 842 3801 (ἕ
883 3732 972 3801 18)
1009 3750 1071 3787 eo
1109 3749 1282 3797 sensu,
1321 3750 1424 3803 quo
1463 3733 1684 3787 deberet
1719 3734 1821 3788 hoc
1858 3732 1977 3787 loco
2016 3733 2215 3803 accipi:
2262 3734 2587 3797 „contestari
2614 3738 2677 3789 ut
2701 3734 3015 3789 educerent“
3058 3751 3161 3788 non
3200 3734 3306 3787 nisi
3346 3732 3485 3801 apud

563 3821 891 3877 recentiores
927 3822 1218 3891 scriptores
1255 3821 1520 3877 adhiberi.
1595 3822 1793 3876 Eadem
1835 3823 1977 3877 enim
2016 3822 2237 3876 notione
2272 3822 2572 3891 imperandi
2610 3823 2886 3877 inuenitur
2936 3824 3101 3877 etiam
3149 3822 3205 3876 in
3242 3822 3489 3876 oratione

563 3911 620 3964 in
659 3909 984 3979 Apaturium
1033 3910 1208 3977 (Dem.
1247 3927 1322 3964 or.
1360 3910 1454 3979 33)
1505 3912 1537 3979 §
1577 3912 1664 3974 20,
1717 3908 2232 3977 διαμαρτυρομένου
2284 3908 2380 3964 τοῦ
2433 3907 2741 3977 ἀνθρώπου
2787 3908 3039 3965 ἐναντίον
3082 3909 3375 3976 μαρτύρων
3410 3906 3485 3975 μὴ

566 3993 986 4067 ἀποφαίνεσθαι
1025 3994 1156 4052 καθ’
1197 3994 1370 4053 αὑτοῦ
1403 3992 1537 4054 ἄνευ
1574 3998 1687 4052 τῶν
1723 3999 2135 4069 συνδιαιτητῶν.
2214 3998 2285 4067 ⁴⁵)
2321 4018 2374 4069 p.
2412 4000 2534 4053 586.
2614 3998 2685 4068 ⁴⁸)
2723 3998 3030 4071 Philippius
3067 4016 3119 4069 p.
3158 3999 3294 4055 585:
3341 3997 3485 4063 „und

568 4089 628 4143 in
661 4088 758 4144 der
794 4088 941 4143 That
975 4090 1118 4143 ware
1156 4087 1244 4143 die
1268 4088 1572 4143 Emission
1606 4087 1775 4143 durch
1798 4089 2007 4143 Demon
2044 4088 2197 4142 nicht
2231 4087 2561 4157 begreiflich,
2602 4105 2753 4142 wenn
2793 4088 2967 4143 dieser
3006 4104 3074 4142 an
3098 4088 3297 4142 Protus
3334 4088 3487 4141 einen

567 4180 756 4233 treuen
793 4176 1093 4232 Schuldner
1125 4176 1332 4246 gehabt
1366 4176 1540 4231 hatte.
1613 4176 1752 4230 Dass
1794 4175 1926 4231 aber
1962 4176 2055 4231 des
2102 4176 2330 4231 letztern
2384 4176 2687 4232 Charakter
2738 4176 2891 4231 stark
2940 4175 3289 4246 verdachtigt
3334 4174 3485 4240 wird,

573 4267 654 4321 ist
687 4266 774 4321 ein
811 4282 971 4320 neues
1005 4266 1263 4331 Moment,
1302 4264 1530 4321 welches
1565 4266 1801 4320 Demens
1839 4264 2081 4321 Schritte
2117 4264 2399 4320 bestimmt
2432 4264 2609 4319 haben
2646 4270 2823 4335 mag.“
2905 4264 2977 4333 *7)
3022 4266 3103 4321 De
3140 4264 3325 4319 fenore
3358 4280 3489 4319 nau-

569 4354 682 4411 tico
719 4371 772 4425 p.
811 4354 912 4420 903
950 4368 1108 4427 quem
1145 4354 1320 4413 locum
1357 4352 1503 4411 Phil.
1537 4352 1806 4411 laudauit.
1886 4352 1957 4423 ⁴⁸)
1999 4370 2051 4425 p.
2088 4352 2210 4408 584.
3228 4360 3235 4371 ·
