<?xml version="1.0" encoding="UTF-8"?>
<!DOCTYPE html PUBLIC "-//W3C//DTD XHTML 1.0 Transitional//EN"
    "http://www.w3.org/TR/xhtml1/DTD/xhtml1-transitional.dtd">
<html xmlns="http://www.w3.org/1999/xhtml" xml:lang="en" lang="en">
 <head>
  <title>
</title>
<meta http-equiv="Content-Type" content="text/html;charset=utf-8" />
  <meta name='ocr-system' content='tesseract 3.04.00' />
  <meta name='ocr-capabilities' content='ocr_page ocr_carea ocr_par ocr_line ocrx_word'/>
</head>
<body>
  <div class='ocr_page' id='page_1' title='image "arnoldihugcomme01huggoog_0010.png"; bbox 0 0 3876 5242; ppageno 0'>
   <div class='ocr_carea' id='block_1_1' title="bbox 13 8 973 150">
    <p class='ocr_par' dir='ltr' id='par_1_1' title="bbox 13 6 1102 150">
     <span class='ocr_line' id='line_1_1' title="bbox 13 8 973 150; baseline -0.004 -137"><span class='ocrx_word' id='word_1_1' title='bbox 13 9 413 150; x_wconf 36' lang='grc' dir='ltr'><strong>με</strong></span> <span class='ocrx_word' id='word_1_2' title='bbox 493 8 694 63; x_wconf 39' lang='grc' dir='ltr'><strong>ΡΗ,</strong></span> <span class='ocrx_word' id='word_1_3' title='bbox 757 8 973 33; x_wconf 51' lang='grc' dir='ltr'><strong>Ἦ,</strong></span> 
     </span>
    </p>
   </div>
   <div class='ocr_carea' id='block_1_2' title="bbox 12 8 13 150">
    <p class='ocr_par' dir='ltr' id='par_1_2' title="bbox 12 8 13 150">
     <span class='ocr_line' id='line_1_2' title="bbox 12 8 13 150; baseline 0 5092"><span class='ocrx_word' id='word_1_4' title='bbox 12 8 13 150; x_wconf 95' lang='lat' dir='ltr'><strong> </strong></span> 
     </span>
    </p>
   </div>
   <div class='ocr_carea' id='block_1_3' title="bbox 1655 252 2043 314">
    <p class='ocr_par' dir='ltr' id='par_1_3' title="bbox 1655 252 2043 314">
     <span class='ocr_line' id='line_1_3' title="bbox 1655 252 2043 314; baseline -0.005 -16"><span class='ocrx_word' id='word_1_5' title='bbox 1655 252 2043 314; x_wconf 76' lang='grc'>...7-</span> 
     </span>
    </p>
   </div>
   <div class='ocr_carea' id='block_1_4' title="bbox 389 439 3319 3991">
    <p class='ocr_par' dir='ltr' id='par_1_4' title="bbox 389 439 3317 1440">
     <span class='ocr_line' id='line_1_4' title="bbox 390 439 3301 535; baseline -0.004 -16"><span class='ocrx_word' id='word_1_6' title='bbox 390 453 465 518; x_wconf 91' lang='lat' dir='ltr'><strong>de</strong></span> <span class='ocrx_word' id='word_1_7' title='bbox 497 451 928 535; x_wconf 76' lang='lat' dir='ltr'><strong>explicatione.</strong></span> <span class='ocrx_word' id='word_1_8' title='bbox 993 447 1164 528; x_wconf 81' lang='lat' dir='ltr'><strong>Quae</strong></span> <span class='ocrx_word' id='word_1_9' title='bbox 1199 445 1422 511; x_wconf 88' lang='lat' dir='ltr'><strong>deinde</strong></span> <span class='ocrx_word' id='word_1_10' title='bbox 1451 444 1641 510; x_wconf 89' lang='lat' dir='ltr'><strong>uerba</strong></span> <span class='ocrx_word' id='word_1_11' title='bbox 1673 444 1890 510; x_wconf 88' lang='lat' dir='ltr'><strong>statim</strong></span> <span class='ocrx_word' id='word_1_12' title='bbox 1921 445 2299 526; x_wconf 88' lang='lat' dir='ltr'><strong>sequuntur:</strong></span> <span class='ocrx_word' id='word_1_13' title='bbox 2348 443 2403 506; x_wconf 85' lang='grc' dir='ltr'><strong>εἰ</strong></span> <span class='ocrx_word' id='word_1_14' title='bbox 2432 440 2551 526; x_wconf 78' lang='grc' dir='ltr'><strong>μὲν</strong></span> <span class='ocrx_word' id='word_1_15' title='bbox 2588 443 2677 518; x_wconf 83' lang='grc' dir='ltr'><strong>εἰς</strong></span> <span class='ocrx_word' id='word_1_16' title='bbox 2705 443 2920 508; x_wconf 79' lang='grc' dir='ltr'><strong><em>πίστιν</em></strong></span> <span class='ocrx_word' id='word_1_17' title='bbox 2952 439 3195 520; x_wconf 75' lang='grc' dir='ltr'><strong><em>ἔδωκας</em></strong></span> <span class='ocrx_word' id='word_1_18' title='bbox 3234 479 3301 490; x_wconf 89' lang='lat'><strong>-—</strong></span> 
     </span>
     <span class='ocr_line' id='line_1_5' title="bbox 389 553 3317 650; baseline -0.004 -17"><span class='ocrx_word' id='word_1_19' title='bbox 389 571 452 634; x_wconf 79' lang='grc' dir='ltr'><strong>τί</strong></span> <span class='ocrx_word' id='word_1_20' title='bbox 493 563 622 650; x_wconf 79' lang='grc' dir='ltr'><strong>πρὸ</strong></span> <span class='ocrx_word' id='word_1_21' title='bbox 671 569 790 631; x_wconf 79' lang='grc' dir='ltr'><strong>τοῦ</strong></span> <span class='ocrx_word' id='word_1_22' title='bbox 837 557 1374 646; x_wconf 74' lang='grc' dir='ltr'><strong><em>κακουργήματος</em></strong></span> <span class='ocrx_word' id='word_1_23' title='bbox 1419 555 1504 625; x_wconf 71' lang='grc' dir='ltr'><strong>ἂν</strong></span> <span class='ocrx_word' id='word_1_24' title='bbox 1546 557 1625 624; x_wconf 82' lang='grc' dir='ltr'><strong>τὰ</strong></span> <span class='ocrx_word' id='word_1_25' title='bbox 1677 557 1904 644; x_wconf 84' lang='grc' dir='ltr'><strong><em>βέβαια</em></strong></span> <span class='ocrx_word' id='word_1_26' title='bbox 1962 557 2215 636; x_wconf 77' lang='grc' dir='ltr'><strong>ἐποιοῦ,</strong></span> <span class='ocrx_word' id='word_1_27' title='bbox 2278 559 2333 622; x_wconf 79' lang='grc' dir='ltr'><strong>εἰ</strong></span> <span class='ocrx_word' id='word_1_28' title='bbox 2380 553 2434 623; x_wconf 82' lang='grc' dir='ltr'><strong>δ’</strong></span> <span class='ocrx_word' id='word_1_29' title='bbox 2486 554 2777 624; x_wconf 77' lang='grc' dir='ltr'><strong><em>ἀπιστεῖν</em></strong></span> <span class='ocrx_word' id='word_1_30' title='bbox 2824 554 3194 642; x_wconf 77' lang='grc' dir='ltr'><strong><em>ἐτύγχανες,</em></strong></span> <span class='ocrx_word' id='word_1_31' title='bbox 3256 560 3317 622; x_wconf 78' lang='grc' dir='ltr'><strong>τί</strong></span> 
     </span>
     <span class='ocr_line' id='line_1_6' title="bbox 393 670 3313 768; baseline -0.004 -19"><span class='ocrx_word' id='word_1_32' title='bbox 393 677 514 768; x_wconf 75' lang='grc' dir='ltr'><strong>οὐχ</strong></span> <span class='ocrx_word' id='word_1_33' title='bbox 561 677 775 766; x_wconf 75' lang='grc' dir='ltr'><strong><em>ὥσπερ</em></strong></span> <span class='ocrx_word' id='word_1_34' title='bbox 825 681 892 745; x_wconf 83' lang='grc' dir='ltr'><strong>οἱ</strong></span> <span class='ocrx_word' id='word_1_35' title='bbox 933 675 1120 745; x_wconf 75' lang='grc' dir='ltr'><strong><em>ἄλλοι</em></strong></span> <span class='ocrx_word' id='word_1_36' title='bbox 1161 673 1240 742; x_wconf 75' lang='grc' dir='ltr'><strong>τὰ</strong></span> <span class='ocrx_word' id='word_1_37' title='bbox 1278 677 1494 742; x_wconf 80' lang='grc' dir='ltr'><strong><em>δίκαια</em></strong></span> <span class='ocrx_word' id='word_1_38' title='bbox 1536 670 1890 759; x_wconf 78' lang='grc' dir='ltr'><strong><em>ἐλάμβανες</em></strong></span> <span class='ocrx_word' id='word_1_39' title='bbox 1922 672 1994 738; x_wconf 82' lang='grc' dir='ltr'><strong>ἐν</strong></span> <span class='ocrx_word' id='word_1_40' title='bbox 2022 678 2101 760; x_wconf 76' lang='grc' dir='ltr'><strong>τῇ</strong></span> <span class='ocrx_word' id='word_1_41' title='bbox 2130 678 2241 761; x_wconf 71' lang='grc' dir='ltr'><strong>γῇς</strong></span> <span class='ocrx_word' id='word_1_42' title='bbox 2292 694 2364 740; x_wconf 88' lang='lat' dir='ltr'><strong>ea</strong></span> <span class='ocrx_word' id='word_1_43' title='bbox 2410 675 2687 758; x_wconf 86' lang='lat' dir='ltr'><strong>profecto</strong></span> <span class='ocrx_word' id='word_1_44' title='bbox 2734 693 2858 740; x_wconf 91' lang='lat' dir='ltr'><strong>non</strong></span> <span class='ocrx_word' id='word_1_45' title='bbox 2890 677 3147 759; x_wconf 79' lang='lat' dir='ltr'>possunt</span> <span class='ocrx_word' id='word_1_46' title='bbox 3192 693 3313 740; x_wconf 91' lang='lat' dir='ltr'><strong>non</strong></span> 
     </span>
     <span class='ocr_line' id='line_1_7' title="bbox 391 784 3312 880; baseline -0.003 -16"><span class='ocrx_word' id='word_1_47' title='bbox 391 799 472 864; x_wconf 85' lang='lat' dir='ltr'><strong>ad</strong></span> <span class='ocrx_word' id='word_1_48' title='bbox 541 797 870 880; x_wconf 81' lang='lat' dir='ltr'><strong>argentum</strong></span> <span class='ocrx_word' id='word_1_49' title='bbox 929 811 968 858; x_wconf 89' lang='lat' dir='ltr'><strong>a</strong></span> <span class='ocrx_word' id='word_1_50' title='bbox 1022 789 1468 857; x_wconf 84' lang='lat' dir='ltr'><strong>Zenothemide</strong></span> <span class='ocrx_word' id='word_1_51' title='bbox 1527 784 1908 874; x_wconf 63' lang='lat' dir='ltr'><strong>Hegesia-ato</strong></span> <span class='ocrx_word' id='word_1_52' title='bbox 1970 792 2257 856; x_wconf 86' lang='lat' dir='ltr'><strong>mutuum</strong></span> <span class='ocrx_word' id='word_1_53' title='bbox 2314 791 2527 856; x_wconf 86' lang='lat' dir='ltr'><strong>datum</strong></span> <span class='ocrx_word' id='word_1_54' title='bbox 2550 841 2564 868; x_wconf 91' lang='lat'><strong>,</strong></span> <span class='ocrx_word' id='word_1_55' title='bbox 2630 790 2709 856; x_wconf 87' lang='lat' dir='ltr'><strong>ad</strong></span> <span class='ocrx_word' id='word_1_56' title='bbox 2768 786 3081 874; x_wconf 79' lang='grc' dir='ltr'><strong><em>δάνεισμα</em></strong></span> <span class='ocrx_word' id='word_1_57' title='bbox 3127 789 3312 866; x_wconf 91' lang='lat' dir='ltr'><strong>illud,</strong></span> 
     </span>
     <span class='ocr_line' id='line_1_8' title="bbox 399 905 3313 995; baseline -0.003 -18"><span class='ocrx_word' id='word_1_58' title='bbox 399 913 476 978; x_wconf 88' lang='lat' dir='ltr'><strong>de</strong></span> <span class='ocrx_word' id='word_1_59' title='bbox 525 929 645 995; x_wconf 86' lang='lat' dir='ltr'><strong>quo</strong></span> <span class='ocrx_word' id='word_1_60' title='bbox 691 911 904 995; x_wconf 87' lang='lat' dir='ltr'><strong>agitur</strong></span> <span class='ocrx_word' id='word_1_61' title='bbox 947 906 1094 975; x_wconf 88' lang='lat' dir='ltr'><strong>inde</strong></span> <span class='ocrx_word' id='word_1_62' title='bbox 1139 925 1177 972; x_wconf 91' lang='lat' dir='ltr'><strong>a</strong></span> <span class='ocrx_word' id='word_1_63' title='bbox 1223 907 1260 990; x_wconf 65' lang='lat' dir='ltr'>g</span> <span class='ocrx_word' id='word_1_64' title='bbox 1313 909 1417 984; x_wconf 85' lang='lat'><strong>14,</strong></span> <span class='ocrx_word' id='word_1_65' title='bbox 1468 907 1800 988; x_wconf 84' lang='lat' dir='ltr'><strong>pertinere.</strong></span> <span class='ocrx_word' id='word_1_66' title='bbox 1863 905 2041 986; x_wconf 87' lang='lat' dir='ltr'><strong>Quod</strong></span> <span class='ocrx_word' id='word_1_67' title='bbox 2090 906 2243 972; x_wconf 91' lang='lat' dir='ltr'><strong>dicit</strong></span> <span class='ocrx_word' id='word_1_68' title='bbox 2288 906 2641 990; x_wconf 87' lang='lat' dir='ltr'><strong>Philippins</strong></span> <span class='ocrx_word' id='word_1_69' title='bbox 2686 907 2806 972; x_wconf 91' lang='lat' dir='ltr'><strong>hoc</strong></span> <span class='ocrx_word' id='word_1_70' title='bbox 2852 908 2906 972; x_wconf 90' lang='lat' dir='ltr'><strong>si</strong></span> <span class='ocrx_word' id='word_1_71' title='bbox 2950 907 3043 971; x_wconf 91' lang='lat' dir='ltr'><strong>ita</strong></span> <span class='ocrx_word' id='word_1_72' title='bbox 3088 926 3154 972; x_wconf 87' lang='lat' dir='ltr'><strong>se</strong></span> <span class='ocrx_word' id='word_1_73' title='bbox 3203 906 3313 969; x_wconf 86' lang='lat' dir='ltr'><strong>ha-</strong></span> 
     </span>
     <span class='ocr_line' id='line_1_9' title="bbox 397 1017 3313 1106; baseline -0.003 -12"><span class='ocrx_word' id='word_1_74' title='bbox 397 1030 574 1094; x_wconf 86' lang='lat' dir='ltr'><strong>beret</strong></span> <span class='ocrx_word' id='word_1_75' title='bbox 619 1027 908 1093; x_wconf 77' lang='lat' dir='ltr'>debuisse</span> <span class='ocrx_word' id='word_1_76' title='bbox 955 1023 1293 1090; x_wconf 77' lang='lat' dir='ltr'><strong>articulum</strong></span> <span class='ocrx_word' id='word_1_77' title='bbox 1331 1017 1504 1106; x_wconf 79' lang='grc' dir='ltr'><strong><em>(τὴν)</em></strong></span> <span class='ocrx_word' id='word_1_78' title='bbox 1546 1021 1624 1087; x_wconf 91' lang='lat' dir='ltr'><strong>ad</strong></span> <span class='ocrx_word' id='word_1_79' title='bbox 1657 1017 2047 1106; x_wconf 76' lang='grc' dir='ltr'><strong><em>συγγραφὴν</em></strong></span> <span class='ocrx_word' id='word_1_80' title='bbox 2091 1040 2307 1087; x_wconf 86' lang='lat' dir='ltr'><strong>uocem</strong></span> <span class='ocrx_word' id='word_1_81' title='bbox 2357 1021 2519 1102; x_wconf 87' lang='lat' dir='ltr'><strong>addi,</strong></span> <span class='ocrx_word' id='word_1_82' title='bbox 2571 1022 2634 1087; x_wconf 89' lang='lat' dir='ltr'><strong>id</strong></span> <span class='ocrx_word' id='word_1_83' title='bbox 2678 1042 2757 1086; x_wconf 89' lang='lat' dir='ltr'><strong>ne</strong></span> <span class='ocrx_word' id='word_1_84' title='bbox 2800 1041 3015 1088; x_wconf 87' lang='lat' dir='ltr'><strong>uerum</strong></span> <span class='ocrx_word' id='word_1_85' title='bbox 3065 1021 3313 1104; x_wconf 84' lang='lat' dir='ltr'><strong>quidem</strong></span> 
     </span>
     <span class='ocr_line' id='line_1_10' title="bbox 399 1136 3314 1228; baseline -0.003 -19"><span class='ocrx_word' id='word_1_86' title='bbox 399 1149 528 1210; x_wconf 85' lang='lat' dir='ltr'><strong>est:</strong></span> <span class='ocrx_word' id='word_1_87' title='bbox 579 1142 824 1226; x_wconf 88' lang='lat' dir='ltr'><strong>quando</strong></span> <span class='ocrx_word' id='word_1_88' title='bbox 872 1141 979 1228; x_wconf 72' lang='lat' dir='ltr'><strong>qui</strong></span> <span class='ocrx_word' id='word_1_89' title='bbox 1025 1137 1178 1204; x_wconf 88' lang='lat' dir='ltr'><strong>baec</strong></span> <span class='ocrx_word' id='word_1_90' title='bbox 1225 1139 1526 1217; x_wconf 87' lang='lat' dir='ltr'><strong>testatur,</strong></span> <span class='ocrx_word' id='word_1_91' title='bbox 1581 1139 1718 1202; x_wconf 87' lang='lat' dir='ltr'><strong>tum</strong></span> <span class='ocrx_word' id='word_1_92' title='bbox 1743 1187 1758 1216; x_wconf 92' lang='lat'><strong>,</strong></span> <span class='ocrx_word' id='word_1_93' title='bbox 1820 1157 1958 1202; x_wconf 88' lang='lat' dir='ltr'><strong>cum</strong></span> <span class='ocrx_word' id='word_1_94' title='bbox 2009 1137 2268 1204; x_wconf 88' lang='lat' dir='ltr'><strong>uidebat</strong></span> <span class='ocrx_word' id='word_1_95' title='bbox 2319 1136 2479 1203; x_wconf 88' lang='lat' dir='ltr'><strong>illud</strong></span> <span class='ocrx_word' id='word_1_96' title='bbox 2525 1139 2862 1220; x_wconf 88' lang='lat' dir='ltr'><strong>scriptum,</strong></span> <span class='ocrx_word' id='word_1_97' title='bbox 2922 1138 3068 1220; x_wconf 90' lang='lat' dir='ltr'><strong>quid</strong></span> <span class='ocrx_word' id='word_1_98' title='bbox 3116 1137 3314 1202; x_wconf 87' lang='lat' dir='ltr'><strong>conti—</strong></span> 
     </span>
     <span class='ocr_line' id='line_1_11' title="bbox 399 1253 3313 1343; baseline -0.004 -17"><span class='ocrx_word' id='word_1_99' title='bbox 399 1263 582 1326; x_wconf 88' lang='lat' dir='ltr'><strong>neret</strong></span> <span class='ocrx_word' id='word_1_100' title='bbox 627 1258 991 1343; x_wconf 81' lang='lat' dir='ltr'><strong>ignorabat3</strong></span> <span class='ocrx_word' id='word_1_101' title='bbox 1057 1273 1220 1320; x_wconf 90' lang='lat' dir='ltr'><strong>nunc</strong></span> <span class='ocrx_word' id='word_1_102' title='bbox 1269 1255 1518 1319; x_wconf 87' lang='lat' dir='ltr'><strong>demum</strong></span> <span class='ocrx_word' id='word_1_103' title='bbox 1567 1271 1722 1338; x_wconf 87' lang='lat' dir='ltr'><strong>quae</strong></span> <span class='ocrx_word' id='word_1_104' title='bbox 1777 1255 1862 1318; x_wconf 88' lang='lat' dir='ltr'><strong>sit</strong></span> <span class='ocrx_word' id='word_1_105' title='bbox 1913 1253 2268 1337; x_wconf 79' lang='lat' dir='ltr'><strong>syngrapha</strong></span> <span class='ocrx_word' id='word_1_106' title='bbox 2322 1253 2673 1337; x_wconf 75' lang='lat' dir='ltr'>intellegit,</span> <span class='ocrx_word' id='word_1_107' title='bbox 2740 1255 3067 1336; x_wconf 88' lang='lat' dir='ltr'><strong>postquam</strong></span> <span class='ocrx_word' id='word_1_108' title='bbox 3117 1253 3313 1318; x_wconf 87' lang='lat' dir='ltr'><strong>Zeno-</strong></span> 
     </span>
     <span class='ocr_line' id='line_1_12' title="bbox 403 1368 1891 1440; baseline -0.005 0"><span class='ocrx_word' id='word_1_109' title='bbox 403 1376 637 1440; x_wconf 82' lang='lat' dir='ltr'><strong>themis</strong></span> <span class='ocrx_word' id='word_1_110' title='bbox 681 1375 1065 1438; x_wconf 84' lang='lat' dir='ltr'><strong>frumentum</strong></span> <span class='ocrx_word' id='word_1_111' title='bbox 1115 1389 1294 1436; x_wconf 90' lang='lat' dir='ltr'><strong>suum</strong></span> <span class='ocrx_word' id='word_1_112' title='bbox 1345 1387 1481 1434; x_wconf 86' lang='lat' dir='ltr'><strong>esse</strong></span> <span class='ocrx_word' id='word_1_113' title='bbox 1529 1368 1891 1434; x_wconf 88' lang='lat' dir='ltr'><strong>declarauit.</strong></span> 
     </span>
    </p>

    <p class='ocr_par' dir='ltr' id='par_1_5' title="bbox 393 1484 3319 2954">
     <span class='ocr_line' id='line_1_13' title="bbox 580 1484 3312 1569; baseline -0.001 -17"><span class='ocrx_word' id='word_1_114' title='bbox 580 1488 953 1553; x_wconf 83' lang='lat' dir='ltr'><strong>Difficiliora</strong></span> <span class='ocrx_word' id='word_1_115' title='bbox 1015 1505 1152 1552; x_wconf 88' lang='lat' dir='ltr'><strong>esse</strong></span> <span class='ocrx_word' id='word_1_116' title='bbox 1217 1486 1296 1551; x_wconf 87' lang='lat' dir='ltr'><strong>ad</strong></span> <span class='ocrx_word' id='word_1_117' title='bbox 1345 1484 1758 1552; x_wconf 86' lang='lat' dir='ltr'><strong>refellendum</strong></span> <span class='ocrx_word' id='word_1_118' title='bbox 1817 1484 2086 1550; x_wconf 92' lang='lat' dir='ltr'><strong>concedo</strong></span> <span class='ocrx_word' id='word_1_119' title='bbox 2142 1503 2297 1567; x_wconf 89' lang='lat' dir='ltr'><strong>quae</strong></span> <span class='ocrx_word' id='word_1_120' title='bbox 2353 1486 2725 1569; x_wconf 89' lang='lat' dir='ltr'><strong>argumenta</strong></span> <span class='ocrx_word' id='word_1_121' title='bbox 2780 1486 3102 1566; x_wconf 80' lang='lat' dir='ltr'><strong>praeterea</strong></span> <span class='ocrx_word' id='word_1_122' title='bbox 3164 1485 3312 1548; x_wconf 85' lang='lat' dir='ltr'><strong>Phi-</strong></span> 
     </span>
     <span class='ocr_line' id='line_1_14' title="bbox 407 1601 3312 1688; baseline -0.002 -18"><span class='ocrx_word' id='word_1_123' title='bbox 407 1606 640 1688; x_wconf 86' lang='lat' dir='ltr'><strong>lippius</strong></span> <span class='ocrx_word' id='word_1_124' title='bbox 685 1603 922 1668; x_wconf 79' lang='lat' dir='ltr'><strong>attulit.</strong></span> <span class='ocrx_word' id='word_1_125' title='bbox 981 1603 1156 1667; x_wconf 86' lang='lat' dir='ltr'><strong>Hanc</strong></span> <span class='ocrx_word' id='word_1_126' title='bbox 1202 1604 1368 1668; x_wconf 90' lang='lat' dir='ltr'><strong>enim</strong></span> <span class='ocrx_word' id='word_1_127' title='bbox 1416 1601 1860 1685; x_wconf 81' lang='lat' dir='ltr'><strong>syngrapham,</strong></span> <span class='ocrx_word' id='word_1_128' title='bbox 1909 1619 2067 1682; x_wconf 89' lang='lat' dir='ltr'><strong>quae</strong></span> <span class='ocrx_word' id='word_1_129' title='bbox 2112 1603 2175 1664; x_wconf 90' lang='lat' dir='ltr'><strong>in</strong></span> <span class='ocrx_word' id='word_1_130' title='bbox 2226 1601 2264 1684; x_wconf 64' lang='lat' dir='ltr'>g</span> <span class='ocrx_word' id='word_1_131' title='bbox 2302 1603 2381 1665; x_wconf 89' lang='lat'><strong>16</strong></span> <span class='ocrx_word' id='word_1_132' title='bbox 2431 1602 2971 1676; x_wconf 79' lang='lat' dir='ltr'><strong>commemoratur,</strong></span> <span class='ocrx_word' id='word_1_133' title='bbox 3018 1601 3312 1682; x_wconf 77' lang='lat' dir='ltr'><strong>scriptam</strong></span> 
     </span>
     <span class='ocr_line' id='line_1_15' title="bbox 406 1711 3315 1802; baseline -0.002 -18"><span class='ocrx_word' id='word_1_134' title='bbox 406 1724 472 1785; x_wconf 90' lang='lat' dir='ltr'><strong>et</strong></span> <span class='ocrx_word' id='word_1_135' title='bbox 517 1720 858 1802; x_wconf 77' lang='lat' dir='ltr'><strong>depositam</strong></span> <span class='ocrx_word' id='word_1_136' title='bbox 907 1735 1040 1784; x_wconf 90' lang='lat' dir='ltr'><strong>esse</strong></span> <span class='ocrx_word' id='word_1_137' title='bbox 1088 1717 1326 1782; x_wconf 88' lang='lat' dir='ltr'><strong>narrari</strong></span> <span class='ocrx_word' id='word_1_138' title='bbox 1372 1716 1590 1799; x_wconf 90' lang='lat' dir='ltr'><strong>primis</strong></span> <span class='ocrx_word' id='word_1_139' title='bbox 1636 1715 1880 1781; x_wconf 88' lang='lat' dir='ltr'><strong>itineris</strong></span> <span class='ocrx_word' id='word_1_140' title='bbox 1925 1715 2147 1782; x_wconf 87' lang='lat' dir='ltr'><strong>diebus</strong></span> <span class='ocrx_word' id='word_1_141' title='bbox 2182 1714 2335 1799; x_wconf 81' lang='grc' dir='ltr'><strong>(πρὸ</strong></span> <span class='ocrx_word' id='word_1_142' title='bbox 2366 1720 2485 1780; x_wconf 79' lang='grc' dir='ltr'><strong>τοῦ</strong></span> <span class='ocrx_word' id='word_1_143' title='bbox 2528 1711 2891 1781; x_wconf 77' lang='grc' dir='ltr'><strong><em>ἐπικόπτειν</em></strong></span> <span class='ocrx_word' id='word_1_144' title='bbox 2924 1714 3315 1799; x_wconf 76' lang='grc' dir='ltr'><strong><em>ἐπιχειρῆσαι</em></strong></span> 
     </span>
     <span class='ocr_line' id='line_1_16' title="bbox 402 1830 3317 1920; baseline -0.002 -19"><span class='ocrx_word' id='word_1_145' title='bbox 402 1832 523 1920; x_wconf 74' lang='grc' dir='ltr'><strong>τὴν</strong></span> <span class='ocrx_word' id='word_1_146' title='bbox 567 1833 784 1919; x_wconf 82' lang='grc' dir='ltr'><strong><em>ναῦν).</em></strong></span> <span class='ocrx_word' id='word_1_147' title='bbox 880 1833 1036 1900; x_wconf 84' lang='lat' dir='ltr'><strong>Cum</strong></span> <span class='ocrx_word' id='word_1_148' title='bbox 1083 1834 1290 1898; x_wconf 86' lang='lat' dir='ltr'><strong>autem</strong></span> <span class='ocrx_word' id='word_1_149' title='bbox 1343 1851 1570 1898; x_wconf 91' lang='lat' dir='ltr'><strong>nouum</strong></span> <span class='ocrx_word' id='word_1_150' title='bbox 1618 1831 1774 1897; x_wconf 89' lang='lat' dir='ltr'><strong>illud</strong></span> <span class='ocrx_word' id='word_1_151' title='bbox 1821 1832 2151 1897; x_wconf 86' lang='lat' dir='ltr'><strong>consilium</strong></span> <span class='ocrx_word' id='word_1_152' title='bbox 2196 1832 2490 1898; x_wconf 83' lang='lat' dir='ltr'><strong>frumenti</strong></span> <span class='ocrx_word' id='word_1_153' title='bbox 2536 1830 2893 1896; x_wconf 85' lang='lat' dir='ltr'><strong>uindicandi</strong></span> <span class='ocrx_word' id='word_1_154' title='bbox 2938 1833 3004 1896; x_wconf 90' lang='lat' dir='ltr'><strong>in</strong></span> <span class='ocrx_word' id='word_1_155' title='bbox 3051 1832 3317 1914; x_wconf 86' lang='lat' dir='ltr'><strong>Cephal-</strong></span> 
     </span>
     <span class='ocr_line' id='line_1_17' title="bbox 401 1947 3317 2030; baseline -0.002 -14"><span class='ocrx_word' id='word_1_156' title='bbox 401 1953 572 2017; x_wconf 87' lang='lat' dir='ltr'><strong>lenia</strong></span> <span class='ocrx_word' id='word_1_157' title='bbox 617 1950 866 2016; x_wconf 90' lang='lat' dir='ltr'><strong>demum</strong></span> <span class='ocrx_word' id='word_1_158' title='bbox 913 1967 951 2014; x_wconf 90' lang='lat' dir='ltr'><strong>a</strong></span> <span class='ocrx_word' id='word_1_159' title='bbox 997 1947 1444 2016; x_wconf 86' lang='lat' dir='ltr'><strong>Zenothemide</strong></span> <span class='ocrx_word' id='word_1_160' title='bbox 1491 1949 1716 2014; x_wconf 91' lang='lat' dir='ltr'><strong>initum</strong></span> <span class='ocrx_word' id='word_1_161' title='bbox 1767 1951 1936 2013; x_wconf 87' lang='lat' dir='ltr'><strong>esset</strong></span> <span class='ocrx_word' id='word_1_162' title='bbox 1984 1950 2235 2013; x_wconf 88' lang='lat' dir='ltr'><strong>auctore</strong></span> <span class='ocrx_word' id='word_1_163' title='bbox 2278 1966 2351 2013; x_wconf 91' lang='lat' dir='ltr'><strong>ac</strong></span> <span class='ocrx_word' id='word_1_164' title='bbox 2398 1965 2655 2013; x_wconf 81' lang='lat' dir='ltr'><strong>suasore-</strong></span> <span class='ocrx_word' id='word_1_165' title='bbox 2700 1947 3165 2030; x_wconf 81' lang='lat' dir='ltr'><strong>Aristophonte‚</strong></span> <span class='ocrx_word' id='word_1_166' title='bbox 3213 1950 3317 2030; x_wconf 89' lang='lat' dir='ltr'><strong>qui</strong></span> 
     </span>
     <span class='ocr_line' id='line_1_18' title="bbox 399 2060 3316 2146; baseline -0.001 -16"><span class='ocrx_word' id='word_1_167' title='bbox 399 2067 463 2131; x_wconf 89' lang='lat' dir='ltr'><strong>in</strong></span> <span class='ocrx_word' id='word_1_168' title='bbox 514 2065 782 2130; x_wconf 87' lang='lat' dir='ltr'><strong>insulam</strong></span> <span class='ocrx_word' id='word_1_169' title='bbox 829 2064 1004 2128; x_wconf 88' lang='lat' dir='ltr'><strong>illam</strong></span> <span class='ocrx_word' id='word_1_170' title='bbox 1051 2065 1132 2128; x_wconf 85' lang='lat' dir='ltr'><strong>ab</strong></span> <span class='ocrx_word' id='word_1_171' title='bbox 1180 2064 1451 2130; x_wconf 85' lang='lat' dir='ltr'><strong>Athenis</strong></span> <span class='ocrx_word' id='word_1_172' title='bbox 1497 2064 1642 2128; x_wconf 88' lang='lat' dir='ltr'><strong>naui</strong></span> <span class='ocrx_word' id='word_1_173' title='bbox 1700 2063 1950 2129; x_wconf 87' lang='lat' dir='ltr'><strong>obuiam</strong></span> <span class='ocrx_word' id='word_1_174' title='bbox 2006 2066 2176 2130; x_wconf 90' lang='lat' dir='ltr'><strong>esset</strong></span> <span class='ocrx_word' id='word_1_175' title='bbox 2232 2063 2490 2138; x_wconf 87' lang='lat' dir='ltr'><strong>missus,</strong></span> <span class='ocrx_word' id='word_1_176' title='bbox 2514 2060 2603 2146; x_wconf 79' lang='lat'><strong>²⁸)</strong></span> <span class='ocrx_word' id='word_1_177' title='bbox 2660 2081 2779 2127; x_wconf 92' lang='lat' dir='ltr'><strong>non</strong></span> <span class='ocrx_word' id='word_1_178' title='bbox 2836 2062 3115 2145; x_wconf 87' lang='lat' dir='ltr'><strong>potuisse</strong></span> <span class='ocrx_word' id='word_1_179' title='bbox 3170 2080 3316 2144; x_wconf 79' lang='lat' dir='ltr'><strong>syn-</strong></span> 
     </span>
     <span class='ocr_line' id='line_1_19' title="bbox 405 2176 3317 2266; baseline -0.001 -20"><span class='ocrx_word' id='word_1_180' title='bbox 405 2181 707 2266; x_wconf 83' lang='lat' dir='ltr'><strong>grapham</strong></span> <span class='ocrx_word' id='word_1_181' title='bbox 763 2179 900 2244; x_wconf 87' lang='lat' dir='ltr'><strong>fieri</strong></span> <span class='ocrx_word' id='word_1_182' title='bbox 961 2181 1093 2244; x_wconf 89' lang='lat' dir='ltr'><strong>eius</strong></span> <span class='ocrx_word' id='word_1_183' title='bbox 1149 2179 1395 2246; x_wconf 88' lang='lat' dir='ltr'><strong>consilii</strong></span> <span class='ocrx_word' id='word_1_184' title='bbox 1457 2197 1643 2244; x_wconf 83' lang='lat' dir='ltr'><strong>causa</strong></span> <span class='ocrx_word' id='word_1_185' title='bbox 1703 2178 1868 2261; x_wconf 89' lang='lat' dir='ltr'><strong>qnod</strong></span> <span class='ocrx_word' id='word_1_186' title='bbox 1923 2177 2127 2244; x_wconf 88' lang='lat' dir='ltr'><strong>multo</strong></span> <span class='ocrx_word' id='word_1_187' title='bbox 2182 2181 2321 2262; x_wconf 91' lang='lat' dir='ltr'><strong>post</strong></span> <span class='ocrx_word' id='word_1_188' title='bbox 2365 2181 2533 2244; x_wconf 88' lang='lat' dir='ltr'><strong>esset</strong></span> <span class='ocrx_word' id='word_1_189' title='bbox 2578 2179 2959 2244; x_wconf 78' lang='lat' dir='ltr'><strong>concoctum.</strong></span> <span class='ocrx_word' id='word_1_190' title='bbox 3052 2176 3317 2242; x_wconf 84' lang='lat' dir='ltr'><strong>Obstare</strong></span> 
     </span>
     <span class='ocr_line' id='line_1_20' title="bbox 405 2292 3319 2380; baseline -0.001 -20"><span class='ocrx_word' id='word_1_191' title='bbox 405 2296 602 2380; x_wconf 87' lang='lat' dir='ltr'><strong>igitur</strong></span> <span class='ocrx_word' id='word_1_192' title='bbox 649 2295 790 2360; x_wconf 88' lang='lat' dir='ltr'><strong>huic</strong></span> <span class='ocrx_word' id='word_1_193' title='bbox 835 2295 1186 2360; x_wconf 86' lang='lat' dir='ltr'><strong>sententiae</strong></span> <span class='ocrx_word' id='word_1_194' title='bbox 1233 2294 1407 2372; x_wconf 86' lang='lat' dir='ltr'><strong>illud,</strong></span> <span class='ocrx_word' id='word_1_195' title='bbox 1455 2295 1616 2378; x_wconf 88' lang='lat' dir='ltr'><strong>quod</strong></span> <span class='ocrx_word' id='word_1_196' title='bbox 1657 2296 2040 2360; x_wconf 74' lang='lat' dir='ltr'><strong>architectus</strong></span> <span class='ocrx_word' id='word_1_197' title='bbox 2079 2295 2143 2359; x_wconf 92' lang='lat' dir='ltr'><strong>et</strong></span> <span class='ocrx_word' id='word_1_198' title='bbox 2181 2294 2570 2360; x_wconf 83' lang='lat' dir='ltr'><strong>machinator</strong></span> <span class='ocrx_word' id='word_1_199' title='bbox 2607 2295 2741 2359; x_wconf 86' lang='lat' dir='ltr'><strong>eius</strong></span> <span class='ocrx_word' id='word_1_200' title='bbox 2774 2292 2903 2359; x_wconf 91' lang='lat' dir='ltr'><strong>doli</strong></span> <span class='ocrx_word' id='word_1_201' title='bbox 2933 2293 3319 2376; x_wconf 86' lang='lat' dir='ltr'><strong>Aristophon</strong></span> 
     </span>
     <span class='ocr_line' id='line_1_21' title="bbox 399 2409 3317 2492; baseline -0.001 -16"><span class='ocrx_word' id='word_1_202' title='bbox 399 2411 727 2476; x_wconf 85' lang='lat' dir='ltr'><strong>diceretur.</strong></span> <span class='ocrx_word' id='word_1_203' title='bbox 821 2409 942 2474; x_wconf 87' lang='lat' dir='ltr'><strong>Sed</strong></span> <span class='ocrx_word' id='word_1_204' title='bbox 989 2409 1439 2492; x_wconf 81' lang='lat' dir='ltr'><strong>Aristophonte</strong></span> <span class='ocrx_word' id='word_1_205' title='bbox 1498 2412 1728 2474; x_wconf 87' lang='lat' dir='ltr'><strong>omisso</strong></span> <span class='ocrx_word' id='word_1_206' title='bbox 1787 2411 1839 2474; x_wconf 90' lang='lat' dir='ltr'><strong>si</strong></span> <span class='ocrx_word' id='word_1_207' title='bbox 1899 2430 1967 2475; x_wconf 90' lang='lat' dir='ltr'><strong>re</strong></span> <span class='ocrx_word' id='word_1_208' title='bbox 2022 2427 2174 2475; x_wconf 88' lang='lat' dir='ltr'><strong>uera</strong></span> <span class='ocrx_word' id='word_1_209' title='bbox 2220 2410 2343 2475; x_wconf 89' lang='lat' dir='ltr'><strong>iam</strong></span> <span class='ocrx_word' id='word_1_210' title='bbox 2392 2414 2531 2476; x_wconf 87' lang='lat' dir='ltr'><strong>tum</strong></span> <span class='ocrx_word' id='word_1_211' title='bbox 2576 2410 2873 2492; x_wconf 87' lang='lat' dir='ltr'><strong>temporis</strong></span> <span class='ocrx_word' id='word_1_212' title='bbox 2920 2410 3317 2474; x_wconf 88' lang='lat' dir='ltr'><strong>Zenothemis</strong></span> 
     </span>
     <span class='ocr_line' id='line_1_22' title="bbox 393 2525 3317 2608; baseline -0.001 -18"><span class='ocrx_word' id='word_1_213' title='bbox 393 2526 519 2592; x_wconf 72' lang='lat' dir='ltr'><strong>tale</strong></span> <span class='ocrx_word' id='word_1_214' title='bbox 569 2525 895 2592; x_wconf 90' lang='lat' dir='ltr'><strong>consilium</strong></span> <span class='ocrx_word' id='word_1_215' title='bbox 945 2525 1220 2602; x_wconf 85' lang='lat' dir='ltr'><strong>iniisset,</strong></span> <span class='ocrx_word' id='word_1_216' title='bbox 1279 2527 1412 2588; x_wconf 89' lang='lat' dir='ltr'><strong>tum</strong></span> <span class='ocrx_word' id='word_1_217' title='bbox 1477 2543 1674 2606; x_wconf 86' lang='lat' dir='ltr'><strong>neque</strong></span> <span class='ocrx_word' id='word_1_218' title='bbox 1720 2525 2001 2590; x_wconf 78' lang='lat' dir='ltr'><strong>futurum</strong></span> <span class='ocrx_word' id='word_1_219' title='bbox 2050 2525 2243 2589; x_wconf 82' lang='lat' dir='ltr'><strong>fuisse</strong></span> <span class='ocrx_word' id='word_1_220' title='bbox 2288 2527 2361 2588; x_wconf 90' lang='lat' dir='ltr'><strong>ut</strong></span> <span class='ocrx_word' id='word_1_221' title='bbox 2406 2543 2625 2590; x_wconf 86' lang='lat' dir='ltr'><strong>nauem</strong></span> <span class='ocrx_word' id='word_1_222' title='bbox 2678 2525 3079 2608; x_wconf 85' lang='lat' dir='ltr'><strong>submergere</strong></span> <span class='ocrx_word' id='word_1_223' title='bbox 3125 2525 3317 2589; x_wconf 89' lang='lat' dir='ltr'><strong>uellet</strong></span> 
     </span>
     <span class='ocr_line' id='line_1_23' title="bbox 393 2639 3314 2724; baseline 0 -19"><span class='ocrx_word' id='word_1_224' title='bbox 393 2662 594 2724; x_wconf 87' lang='lat' dir='ltr'><strong>neque</strong></span> <span class='ocrx_word' id='word_1_225' title='bbox 657 2643 875 2723; x_wconf 89' lang='lat' dir='ltr'><strong>postea</strong></span> <span class='ocrx_word' id='word_1_226' title='bbox 931 2642 1002 2704; x_wconf 89' lang='lat' dir='ltr'><strong>ut</strong></span> <span class='ocrx_word' id='word_1_227' title='bbox 1055 2640 1402 2707; x_wconf 85' lang='lat' dir='ltr'><strong>Massiliam</strong></span> <span class='ocrx_word' id='word_1_228' title='bbox 1463 2642 1585 2706; x_wconf 89' lang='lat' dir='ltr'><strong>iter</strong></span> <span class='ocrx_word' id='word_1_229' title='bbox 1641 2644 1924 2706; x_wconf 84' lang='lat' dir='ltr'><strong>auertere</strong></span> <span class='ocrx_word' id='word_1_230' title='bbox 1990 2643 2350 2714; x_wconf 72' lang='lat' dir='ltr'><strong>conareturz</strong></span> <span class='ocrx_word' id='word_1_231' title='bbox 2421 2642 2546 2707; x_wconf 92' lang='lat' dir='ltr'><strong>imo</strong></span> <span class='ocrx_word' id='word_1_232' title='bbox 2606 2660 2747 2706; x_wconf 90' lang='lat' dir='ltr'><strong>eum</strong></span> <span class='ocrx_word' id='word_1_233' title='bbox 2809 2639 3045 2706; x_wconf 89' lang='lat' dir='ltr'><strong>directo</strong></span> <span class='ocrx_word' id='word_1_234' title='bbox 3088 2641 3314 2705; x_wconf 86' lang='lat' dir='ltr'><strong>itinere</strong></span> 
     </span>
     <span class='ocr_line' id='line_1_24' title="bbox 395 2756 3317 2840; baseline 0 -19"><span class='ocrx_word' id='word_1_235' title='bbox 395 2758 680 2821; x_wconf 82' lang='lat' dir='ltr'><strong>Athenas</strong></span> <span class='ocrx_word' id='word_1_236' title='bbox 731 2757 982 2821; x_wconf 85' lang='lat' dir='ltr'><strong>uectum</strong></span> <span class='ocrx_word' id='word_1_237' title='bbox 1053 2756 1214 2823; x_wconf 83' lang='lat' dir='ltr'><strong>falsa</strong></span> <span class='ocrx_word' id='word_1_238' title='bbox 1271 2756 1386 2820; x_wconf 90' lang='lat' dir='ltr'><strong>hac</strong></span> <span class='ocrx_word' id='word_1_239' title='bbox 1445 2758 1800 2840; x_wconf 83' lang='lat' dir='ltr'><strong>syngrapha</strong></span> <span class='ocrx_word' id='word_1_240' title='bbox 1859 2758 2064 2821; x_wconf 83' lang='lat' dir='ltr'><strong>nisum</strong></span> <span class='ocrx_word' id='word_1_241' title='bbox 2122 2758 2233 2822; x_wconf 88' lang='lat' dir='ltr'><strong>lite</strong></span> <span class='ocrx_word' id='word_1_242' title='bbox 2300 2758 2491 2823; x_wconf 85' lang='lat' dir='ltr'><strong>fuisse</strong></span> <span class='ocrx_word' id='word_1_243' title='bbox 2538 2760 2845 2823; x_wconf 87' lang='lat' dir='ltr'><strong>acturum.</strong></span> <span class='ocrx_word' id='word_1_244' title='bbox 2940 2757 3092 2821; x_wconf 85' lang='lat' dir='ltr'><strong>Haec</strong></span> <span class='ocrx_word' id='word_1_245' title='bbox 3138 2758 3317 2823; x_wconf 87' lang='lat' dir='ltr'><strong>acute</strong></span> 
     </span>
     <span class='ocr_line' id='line_1_25' title="bbox 395 2871 766 2954; baseline 0 -19"><span class='ocrx_word' id='word_1_246' title='bbox 395 2871 766 2954; x_wconf 80' lang='lat' dir='ltr'><strong>Philippius.</strong></span> 
     </span>
    </p>

    <p class='ocr_par' dir='ltr' id='par_1_6' title="bbox 395 2984 3317 3991">
     <span class='ocr_line' id='line_1_26' title="bbox 571 2984 3313 3072; baseline 0.001 -21"><span class='ocrx_word' id='word_1_247' title='bbox 571 2987 707 3051; x_wconf 91' lang='lat' dir='ltr'><strong>Iam</strong></span> <span class='ocrx_word' id='word_1_248' title='bbox 755 3004 828 3051; x_wconf 91' lang='lat' dir='ltr'><strong>eo</strong></span> <span class='ocrx_word' id='word_1_249' title='bbox 875 2984 1134 3050; x_wconf 89' lang='lat' dir='ltr'><strong>adducti</strong></span> <span class='ocrx_word' id='word_1_250' title='bbox 1193 3004 1440 3062; x_wconf 85' lang='lat' dir='ltr'><strong>sumus,</strong></span> <span class='ocrx_word' id='word_1_251' title='bbox 1499 2988 1598 3065; x_wconf 88' lang='lat' dir='ltr'><strong>ut,</strong></span> <span class='ocrx_word' id='word_1_252' title='bbox 1656 3006 1796 3051; x_wconf 89' lang='lat' dir='ltr'><strong>cum</strong></span> <span class='ocrx_word' id='word_1_253' title='bbox 1844 2986 2140 3053; x_wconf 85' lang='lat' dir='ltr'><strong>Schaeferi</strong></span> <span class='ocrx_word' id='word_1_254' title='bbox 2198 2990 2519 3071; x_wconf 87' lang='lat' dir='ltr'><strong>utriusque</strong></span> <span class='ocrx_word' id='word_1_255' title='bbox 2582 2988 3055 3072; x_wconf 84' lang='lat' dir='ltr'><strong>explicationem</strong></span> <span class='ocrx_word' id='word_1_256' title='bbox 3116 2988 3313 3053; x_wconf 87' lang='lat' dir='ltr'><strong>solam</strong></span> 
     </span>
     <span class='ocr_line' id='line_1_27' title="bbox 400 3101 3316 3188; baseline 0 -21"><span class='ocrx_word' id='word_1_257' title='bbox 400 3120 616 3167; x_wconf 87' lang='lat' dir='ltr'><strong>ueram</strong></span> <span class='ocrx_word' id='word_1_258' title='bbox 665 3101 1026 3178; x_wconf 77' lang='lat' dir='ltr'><strong>habeamuS,</strong></span> <span class='ocrx_word' id='word_1_259' title='bbox 1073 3103 1284 3167; x_wconf 89' lang='lat' dir='ltr'><strong>tamen</strong></span> <span class='ocrx_word' id='word_1_260' title='bbox 1317 3120 1476 3183; x_wconf 88' lang='lat' dir='ltr'><strong>quae</strong></span> <span class='ocrx_word' id='word_1_261' title='bbox 1505 3120 1544 3167; x_wconf 92' lang='lat' dir='ltr'><strong>a</strong></span> <span class='ocrx_word' id='word_1_262' title='bbox 1573 3102 1890 3187; x_wconf 90' lang='lat' dir='ltr'><strong>Philippio</strong></span> <span class='ocrx_word' id='word_1_263' title='bbox 1921 3104 2168 3170; x_wconf 88' lang='lat' dir='ltr'><strong>obiecta</strong></span> <span class='ocrx_word' id='word_1_264' title='bbox 2206 3106 2372 3183; x_wconf 87' lang='lat' dir='ltr'><strong>sunt,</strong></span> <span class='ocrx_word' id='word_1_265' title='bbox 2420 3123 2493 3169; x_wconf 87' lang='lat' dir='ltr'><strong>ea</strong></span> <span class='ocrx_word' id='word_1_266' title='bbox 2538 3105 2767 3188; x_wconf 84' lang='lat' dir='ltr'><strong>partim</strong></span> <span class='ocrx_word' id='word_1_267' title='bbox 2814 3104 2967 3169; x_wconf 86' lang='lat' dir='ltr'><strong>item</strong></span> <span class='ocrx_word' id='word_1_268' title='bbox 3000 3122 3135 3169; x_wconf 85' lang='lat' dir='ltr'><strong>esse</strong></span> <span class='ocrx_word' id='word_1_269' title='bbox 3167 3121 3316 3169; x_wconf 87' lang='lat' dir='ltr'><strong>uera</strong></span> 
     </span>
     <span class='ocr_line' id='line_1_28' title="bbox 399 3215 3316 3301; baseline 0.001 -22"><span class='ocrx_word' id='word_1_270' title='bbox 399 3216 832 3281; x_wconf 86' lang='lat' dir='ltr'><strong>concedamus.</strong></span> <span class='ocrx_word' id='word_1_271' title='bbox 926 3215 1168 3296; x_wconf 85' lang='lat' dir='ltr'><strong>Quibus</strong></span> <span class='ocrx_word' id='word_1_272' title='bbox 1212 3216 1522 3301; x_wconf 88' lang='lat' dir='ltr'><strong>angustiis</strong></span> <span class='ocrx_word' id='word_1_273' title='bbox 1569 3218 1677 3300; x_wconf 89' lang='lat' dir='ltr'><strong>qui</strong></span> <span class='ocrx_word' id='word_1_274' title='bbox 1721 3236 1834 3284; x_wconf 93' lang='lat' dir='ltr'><strong>nos</strong></span> <span class='ocrx_word' id='word_1_275' title='bbox 1883 3218 2307 3301; x_wconf 82' lang='lat' dir='ltr'><strong>expediamus,</strong></span> <span class='ocrx_word' id='word_1_276' title='bbox 2364 3219 2523 3283; x_wconf 78' lang='lat' dir='ltr'><strong>infra</strong></span> <span class='ocrx_word' id='word_1_277' title='bbox 2572 3218 2691 3284; x_wconf 89' lang='lat' dir='ltr'><strong>erit</strong></span> <span class='ocrx_word' id='word_1_278' title='bbox 2736 3218 3087 3285; x_wconf 90' lang='lat' dir='ltr'><strong>dicendum.</strong></span> <span class='ocrx_word' id='word_1_279' title='bbox 3180 3218 3316 3283; x_wconf 90' lang='lat' dir='ltr'><strong>Hoc</strong></span> 
     </span>
     <span class='ocr_line' id='line_1_29' title="bbox 407 3332 3315 3418; baseline 0.002 -26"><span class='ocrx_word' id='word_1_280' title='bbox 407 3350 598 3394; x_wconf 88' lang='lat' dir='ltr'><strong>unum</strong></span> <span class='ocrx_word' id='word_1_281' title='bbox 647 3350 900 3395; x_wconf 86' lang='lat' dir='ltr'><strong>moneo:</strong></span> <span class='ocrx_word' id='word_1_282' title='bbox 948 3333 1304 3415; x_wconf 74' lang='lat' dir='ltr'><strong>syngrapha</strong></span> <span class='ocrx_word' id='word_1_283' title='bbox 1347 3332 1458 3397; x_wconf 91' lang='lat' dir='ltr'><strong>illa</strong></span> <span class='ocrx_word' id='word_1_284' title='bbox 1503 3334 1560 3397; x_wconf 83' lang='lat' dir='ltr'><strong>si</strong></span> <span class='ocrx_word' id='word_1_285' title='bbox 1604 3332 1750 3414; x_wconf 89' lang='lat' dir='ltr'><strong>quid</strong></span> <span class='ocrx_word' id='word_1_286' title='bbox 1785 3333 1953 3411; x_wconf 90' lang='lat' dir='ltr'><strong>uult,</strong></span> <span class='ocrx_word' id='word_1_287' title='bbox 2008 3336 2373 3400; x_wconf 87' lang='lat' dir='ltr'><strong>testamenti</strong></span> <span class='ocrx_word' id='word_1_288' title='bbox 2420 3335 2619 3399; x_wconf 88' lang='lat' dir='ltr'><strong>instar</strong></span> <span class='ocrx_word' id='word_1_289' title='bbox 2658 3353 2796 3400; x_wconf 89' lang='lat' dir='ltr'><strong>esse</strong></span> <span class='ocrx_word' id='word_1_290' title='bbox 2834 3334 3103 3413; x_wconf 88' lang='lat' dir='ltr'><strong>uidetur,</strong></span> <span class='ocrx_word' id='word_1_291' title='bbox 3150 3334 3315 3418; x_wconf 87' lang='lat' dir='ltr'><strong>quod</strong></span> 
     </span>
     <span class='ocr_line' id='line_1_30' title="bbox 400 3441 3315 3531; baseline 0.002 -23"><span class='ocrx_word' id='word_1_292' title='bbox 400 3441 530 3525; x_wconf 73' lang='grc' dir='ltr'><strong>πρὸ</strong></span> <span class='ocrx_word' id='word_1_293' title='bbox 589 3448 710 3509; x_wconf 80' lang='grc' dir='ltr'><strong>τοῦ</strong></span> <span class='ocrx_word' id='word_1_294' title='bbox 767 3443 1298 3531; x_wconf 61' lang='grc' dir='ltr'><strong><em>κακουργήματος</em></strong></span> <span class='ocrx_word' id='word_1_295' title='bbox 1357 3446 1776 3530; x_wconf 86' lang='lat' dir='ltr'><strong>Hegestratus</strong></span> <span class='ocrx_word' id='word_1_296' title='bbox 1835 3448 2267 3514; x_wconf 88' lang='lat' dir='ltr'><strong>Zenothemidi</strong></span> <span class='ocrx_word' id='word_1_297' title='bbox 2334 3451 2407 3514; x_wconf 89' lang='lat' dir='ltr'><strong>ut</strong></span> <span class='ocrx_word' id='word_1_298' title='bbox 2474 3449 2846 3515; x_wconf 87' lang='lat' dir='ltr'><strong>suauissimo</strong></span> <span class='ocrx_word' id='word_1_299' title='bbox 2908 3449 3191 3515; x_wconf 90' lang='lat' dir='ltr'><strong>laborum</strong></span> <span class='ocrx_word' id='word_1_300' title='bbox 3250 3454 3315 3515; x_wconf 88' lang='lat' dir='ltr'><strong>et</strong></span> 
     </span>
     <span class='ocr_line' id='line_1_31' title="bbox 403 3562 3315 3648; baseline 0.002 -25"><span class='ocrx_word' id='word_1_301' title='bbox 403 3562 712 3625; x_wconf 83' lang='lat' dir='ltr'><strong>furtorum</strong></span> <span class='ocrx_word' id='word_1_302' title='bbox 761 3563 928 3625; x_wconf 82' lang='lat' dir='ltr'><strong>socio</strong></span> <span class='ocrx_word' id='word_1_303' title='bbox 975 3563 1335 3644; x_wconf 87' lang='lat' dir='ltr'><strong>reliquerit,</strong></span> <span class='ocrx_word' id='word_1_304' title='bbox 1383 3566 1458 3627; x_wconf 90' lang='lat' dir='ltr'><strong>ut</strong></span> <span class='ocrx_word' id='word_1_305' title='bbox 1501 3564 1552 3627; x_wconf 92' lang='lat' dir='ltr'><strong>si</strong></span> <span class='ocrx_word' id='word_1_306' title='bbox 1600 3564 1747 3645; x_wconf 89' lang='lat' dir='ltr'><strong>qnid</strong></span> <span class='ocrx_word' id='word_1_307' title='bbox 1793 3564 1949 3646; x_wconf 88' lang='lat' dir='ltr'><strong>ipse,</strong></span> <span class='ocrx_word' id='word_1_308' title='bbox 1996 3564 2059 3628; x_wconf 95' lang='lat' dir='ltr'><strong>id</strong></span> <span class='ocrx_word' id='word_1_309' title='bbox 2102 3564 2267 3646; x_wconf 91' lang='lat' dir='ltr'><strong>quod</strong></span> <span class='ocrx_word' id='word_1_310' title='bbox 2302 3564 2563 3642; x_wconf 86' lang='lat' dir='ltr'><strong>accidit,</strong></span> <span class='ocrx_word' id='word_1_311' title='bbox 2607 3566 2675 3629; x_wconf 90' lang='lat' dir='ltr'><strong>in</strong></span> <span class='ocrx_word' id='word_1_312' title='bbox 2708 3582 2867 3629; x_wconf 89' lang='lat' dir='ltr'><strong>nane</strong></span> <span class='ocrx_word' id='word_1_313' title='bbox 2899 3565 3315 3648; x_wconf 86' lang='lat' dir='ltr'><strong>demergenda</strong></span> 
     </span>
     <span class='ocr_line' id='line_1_32' title="bbox 398 3676 3315 3762; baseline 0.002 -23"><span class='ocrx_word' id='word_1_314' title='bbox 398 3676 723 3757; x_wconf 85' lang='lat' dir='ltr'><strong>pateretur</strong></span> <span class='ocrx_word' id='word_1_315' title='bbox 769 3694 964 3759; x_wconf 89' lang='lat' dir='ltr'><strong>eaque</strong></span> <span class='ocrx_word' id='word_1_316' title='bbox 1013 3676 1324 3743; x_wconf 89' lang='lat' dir='ltr'><strong>demersio</strong></span> <span class='ocrx_word' id='word_1_317' title='bbox 1371 3696 1494 3742; x_wconf 91' lang='lat' dir='ltr'><strong>non</strong></span> <span class='ocrx_word' id='word_1_318' title='bbox 1551 3678 1938 3756; x_wconf 88' lang='lat' dir='ltr'><strong>succederet,</strong></span> <span class='ocrx_word' id='word_1_319' title='bbox 1996 3678 2379 3745; x_wconf 85' lang='lat' dir='ltr'><strong>frumentum</strong></span> <span class='ocrx_word' id='word_1_320' title='bbox 2434 3680 2656 3745; x_wconf 88' lang='lat' dir='ltr'><strong>saltem</strong></span> <span class='ocrx_word' id='word_1_321' title='bbox 2706 3679 2882 3744; x_wconf 88' lang='lat' dir='ltr'><strong>Proti</strong></span> <span class='ocrx_word' id='word_1_322' title='bbox 2936 3698 3049 3762; x_wconf 89' lang='lat' dir='ltr'><strong>per</strong></span> <span class='ocrx_word' id='word_1_323' title='bbox 3102 3679 3315 3744; x_wconf 89' lang='lat' dir='ltr'><strong>dolum</strong></span> 
     </span>
     <span class='ocr_line' id='line_1_33' title="bbox 395 3790 3317 3879; baseline 0.002 -26"><span class='ocrx_word' id='word_1_324' title='bbox 395 3790 598 3855; x_wconf 88' lang='lat' dir='ltr'><strong>amico</strong></span> <span class='ocrx_word' id='word_1_325' title='bbox 647 3792 1026 3876; x_wconf 85' lang='lat' dir='ltr'><strong>obtingeret.</strong></span> <span class='ocrx_word' id='word_1_326' title='bbox 1121 3792 1276 3873; x_wconf 84' lang='lat' dir='ltr'><strong>Quis</strong></span> <span class='ocrx_word' id='word_1_327' title='bbox 1321 3797 1420 3859; x_wconf 90' lang='lat' dir='ltr'><strong>est</strong></span> <span class='ocrx_word' id='word_1_328' title='bbox 1465 3795 1570 3877; x_wconf 88' lang='lat' dir='ltr'><strong>qui</strong></span> <span class='ocrx_word' id='word_1_329' title='bbox 1623 3812 1746 3859; x_wconf 90' lang='lat' dir='ltr'><strong>non</strong></span> <span class='ocrx_word' id='word_1_330' title='bbox 1803 3794 2147 3859; x_wconf 87' lang='lat' dir='ltr'><strong>admiretur</strong></span> <span class='ocrx_word' id='word_1_331' title='bbox 2200 3812 2493 3878; x_wconf 86' lang='lat' dir='ltr'><strong>magnam</strong></span> <span class='ocrx_word' id='word_1_332' title='bbox 2546 3796 2714 3859; x_wconf 87' lang='lat' dir='ltr'><strong>inter</strong></span> <span class='ocrx_word' id='word_1_333' title='bbox 2756 3795 3205 3879; x_wconf 85' lang='lat' dir='ltr'><strong>Hegestratum</strong></span> <span class='ocrx_word' id='word_1_334' title='bbox 3252 3798 3317 3861; x_wconf 90' lang='lat' dir='ltr'><strong>et</strong></span> 
     </span>
     <span class='ocr_line' id='line_1_34' title="bbox 403 3905 3316 3991; baseline 0.002 -22"><span class='ocrx_word' id='word_1_335' title='bbox 403 3905 804 3971; x_wconf 83' lang='lat' dir='ltr'><strong>Zenothemin</strong></span> <span class='ocrx_word' id='word_1_336' title='bbox 872 3910 1418 3986; x_wconf 84' lang='lat' dir='ltr'><strong>communitatem,</strong></span> <span class='ocrx_word' id='word_1_337' title='bbox 1487 3926 1645 3991; x_wconf 88' lang='lat' dir='ltr'><strong>quae</strong></span> <span class='ocrx_word' id='word_1_338' title='bbox 1699 3912 1769 3973; x_wconf 89' lang='lat' dir='ltr'><strong>ut</strong></span> <span class='ocrx_word' id='word_1_339' title='bbox 1831 3910 2049 3975; x_wconf 88' lang='lat' dir='ltr'><strong>Cicero</strong></span> <span class='ocrx_word' id='word_1_340' title='bbox 2116 3911 2206 3975; x_wconf 88' lang='lat' dir='ltr'><strong>ait</strong></span> <span class='ocrx_word' id='word_1_341' title='bbox 2258 3910 2583 3975; x_wconf 85' lang='lat' dir='ltr'><strong>conficitur</strong></span> <span class='ocrx_word' id='word_1_342' title='bbox 2637 3928 2711 3975; x_wconf 87' lang='lat' dir='ltr'><strong>ex</strong></span> <span class='ocrx_word' id='word_1_343' title='bbox 2762 3910 3085 3975; x_wconf 87' lang='lat' dir='ltr'><strong>beneficiis</strong></span> <span class='ocrx_word' id='word_1_344' title='bbox 3150 3912 3316 3975; x_wconf 86' lang='lat' dir='ltr'><strong>ultro</strong></span> 
     </span>
    </p>
   </div>
   <div class='ocr_carea' id='block_1_5' title="bbox 3755 780 3865 2362">
    <p class='ocr_par' dir='ltr' id='par_1_7' title="bbox 3755 780 3865 2362">
     <span class='ocr_line' id='line_1_35' title="bbox 3755 780 3865 2362; baseline 0 0"><span class='ocrx_word' id='word_1_345' title='bbox 3755 780 3865 2362; x_wconf 95' lang='lat' dir='ltr'><strong> </strong></span> 
     </span>
    </p>
   </div>
   <div class='ocr_carea' id='block_1_6' title="bbox 400 4020 3314 4221">
    <p class='ocr_par' dir='ltr' id='par_1_8' title="bbox 400 4020 3314 4221">
     <span class='ocr_line' id='line_1_36' title="bbox 403 4020 3314 4108; baseline 0.002 -25"><span class='ocrx_word' id='word_1_346' title='bbox 403 4020 684 4102; x_wconf 83' lang='lat' dir='ltr'><strong>citroque</strong></span> <span class='ocrx_word' id='word_1_347' title='bbox 745 4020 910 4087; x_wconf 88' lang='lat' dir='ltr'><strong>datis</strong></span> <span class='ocrx_word' id='word_1_348' title='bbox 967 4024 1399 4105; x_wconf 85' lang='lat' dir='ltr'><strong>acceptisque;</strong></span> <span class='ocrx_word' id='word_1_349' title='bbox 1464 4026 1569 4107; x_wconf 89' lang='lat' dir='ltr'><strong>qni</strong></span> <span class='ocrx_word' id='word_1_350' title='bbox 1615 4042 1738 4088; x_wconf 90' lang='lat' dir='ltr'><strong>non</strong></span> <span class='ocrx_word' id='word_1_351' title='bbox 1784 4023 1967 4089; x_wconf 88' lang='lat' dir='ltr'><strong>laude</strong></span> <span class='ocrx_word' id='word_1_352' title='bbox 2008 4023 2261 4108; x_wconf 85' lang='lat' dir='ltr'><strong>dignam</strong></span> <span class='ocrx_word' id='word_1_353' title='bbox 2310 4028 2493 4108; x_wconf 88' lang='lat' dir='ltr'><strong>put-et</strong></span> <span class='ocrx_word' id='word_1_354' title='bbox 2544 4024 2913 4090; x_wconf 85' lang='lat' dir='ltr'><strong>fidelitatem</strong></span> <span class='ocrx_word' id='word_1_355' title='bbox 2962 4030 3026 4089; x_wconf 91' lang='lat' dir='ltr'><strong>et</strong></span> <span class='ocrx_word' id='word_1_356' title='bbox 3070 4044 3279 4091; x_wconf 82' lang='lat' dir='ltr'><strong>curam</strong></span> <span class='ocrx_word' id='word_1_357' title='bbox 3298 4073 3314 4104; x_wconf 94' lang='lat'><strong>,</strong></span> 
     </span>
     <span class='ocr_line' id='line_1_37' title="bbox 400 4136 2335 4221; baseline 0.003 -22"><span class='ocrx_word' id='word_1_358' title='bbox 400 4154 584 4217; x_wconf 87' lang='lat' dir='ltr'><strong>quam</strong></span> <span class='ocrx_word' id='word_1_359' title='bbox 632 4136 734 4201; x_wconf 83' lang='lat' dir='ltr'><strong>fur</strong></span> <span class='ocrx_word' id='word_1_360' title='bbox 779 4138 1112 4220; x_wconf 84' lang='lat' dir='ltr'><strong>antequam</strong></span> <span class='ocrx_word' id='word_1_361' title='bbox 1160 4137 1296 4205; x_wconf 88' lang='lat' dir='ltr'><strong>uita</strong></span> <span class='ocrx_word' id='word_1_362' title='bbox 1341 4137 1673 4204; x_wconf 88' lang='lat' dir='ltr'><strong>decederet</strong></span> <span class='ocrx_word' id='word_1_363' title='bbox 1725 4138 1848 4203; x_wconf 81' lang='lat' dir='ltr'><strong>furi</strong></span> <span class='ocrx_word' id='word_1_364' title='bbox 1895 4140 2285 4221; x_wconf 86' lang='lat' dir='ltr'><strong>praestiterit</strong></span> <span class='ocrx_word' id='word_1_365' title='bbox 2305 4144 2335 4205; x_wconf 73' lang='lat' dir='ltr'>P</span> 
     </span>
    </p>
   </div>
   <div class='ocr_carea' id='block_1_7' title="bbox 401 4332 930 4343">
    <p class='ocr_par' dir='ltr' id='par_1_9' title="bbox 401 4332 930 4343">
     <span class='ocr_line' id='line_1_38' title="bbox 401 4332 930 4343; baseline 0 899"><span class='ocrx_word' id='word_1_366' title='bbox 401 4332 930 4343; x_wconf 95' lang='lat' dir='ltr'><strong> </strong></span> 
     </span>
    </p>
   </div>
   <div class='ocr_carea' id='block_1_8' title="bbox 541 4468 1387 4547">
    <p class='ocr_par' dir='ltr' id='par_1_10' title="bbox 541 4468 1387 4547">
     <span class='ocr_line' id='line_1_39' title="bbox 541 4468 1387 4547; baseline 0.004 -21"><span class='ocrx_word' id='word_1_367' title='bbox 541 4468 612 4539; x_wconf 72' lang='lat'><strong>²⁸)</strong></span> <span class='ocrx_word' id='word_1_368' title='bbox 651 4472 730 4524; x_wconf 90' lang='lat' dir='ltr'><strong>De</strong></span> <span class='ocrx_word' id='word_1_369' title='bbox 767 4488 870 4541; x_wconf 88' lang='lat' dir='ltr'><strong>quo</strong></span> <span class='ocrx_word' id='word_1_370' title='bbox 913 4472 1036 4529; x_wconf 86' lang='lat' dir='ltr'><strong>uide</strong></span> <span class='ocrx_word' id='word_1_371' title='bbox 1071 4474 1213 4529; x_wconf 83' lang='lat' dir='ltr'><strong>infra</strong></span> <span class='ocrx_word' id='word_1_372' title='bbox 1252 4492 1301 4547; x_wconf 82' lang='lat' dir='ltr'><strong>p.</strong></span> <span class='ocrx_word' id='word_1_373' title='bbox 1341 4476 1387 4529; x_wconf 87' lang='lat'><strong>8.</strong></span> 
     </span>
    </p>
   </div>
  </div>
 </body>
</html>
