3876 5242
1633 201 2065 263 ..ῃ-

565 397 686 463 His
729 395 1208 461 difficultatibus
1251 397 1344 460 ita
1390 411 1746 458 succurrere
1794 393 1914 458 sibi
1963 393 2085 456 uisi
2128 395 2277 458 sunt
2320 391 2667 458 Schaeferus
2712 396 2779 458 et
2808 393 3181 477 Philippum,
3230 395 3301 458 ut

385 515 804 598 Syracusanos
851 511 916 576 et
947 509 1372 575 Massilienses
1403 509 1786 574 feneratores
1831 507 2081 573 eosdem
2128 525 2265 572 esse
2296 508 2596 586 dicerent,
2644 506 2899 573 eosdem
2928 527 3079 572 uero
3112 509 3301 574 etiam

383 631 672 694 uectores
715 625 860 692 illos
907 625 1368 702 MassilienseS,
1434 624 1540 706 qui
1597 625 1883 688 auctores
1942 622 2189 688 itineris
2236 623 2580 688 Massiliam
2645 621 2957 706 dirigendi
3014 623 3300 689 fiiissent.

387 743 504 808 His
551 743 720 806 enim
767 743 1102 822 postquam
1147 758 1214 804 se
1259 739 1552 821 deceptos
1601 757 1734 802 esse
1779 737 2093 820 uidissent
2136 755 2173 801 a
2220 737 2682 814 Zenothemide,
2734 757 2811 803 ne
2859 738 3068 803 omnia
3114 738 3301 804 amit-

385 861 616 935 terent,
663 858 790 922 iam
835 857 904 921 in
947 856 1174 920 itinere
1221 855 1584 920 conuenisse
1632 872 1770 918 cum
1804 853 1934 930 illo,
1984 855 2059 918 ut
2084 852 2227 919 dolo
2275 853 2588 918 communi
2617 853 2883 920 Protum
2913 852 3302 928 fraudarent;

389 974 454 1040 id
500 973 660 1056 quod
706 991 772 1036 re
819 984 970 1036 uera·
1013 971 1237 1052 postea
1281 969 1515 1036 factum
1563 987 1700 1033 esse
1731 967 1888 1033 dicit
1933 964 2263 1050 orator.³⁸)
2334 966 2471 1047 Qua
2517 967 2877 1034 coniectura
2920 969 2994 1032 ut
3038 967 3303 1034 concedo

389 1089 794 1154 difficultates
841 1087 1081 1169 aliquot
1125 1085 1345 1163 minui,
1391 1085 1482 1150 ita
1528 1084 1965 1166 relinquuntur
2008 1083 2171 1148 aliae
2202 1101 2357 1165 quae
2388 1083 2531 1148 tolli
2574 1083 2909 1165 nequeant.
2980 1081 3101 1162 Qui
3134 1082 3303 1148 enim

389 1203 752 1286 persuaderi
795 1202 1044 1285 poterat
1088 1200 1415 1276 iudicibus,
1477 1199 1860 1264 frumentum
1921 1197 2087 1280 quod
2144 1197 2527 1263 Massiliensi
2590 1198 2864 1280 emporio
2923 1196 3303 1262 destinatum

389 1321 560 1386 esset
603 1318 670 1383 id
718 1337 792 1382 ex
837 1317 1052 1383 Sicilia
1095 1316 1162 1380 in
1207 1315 1535 1381 Graeciam
1583 1317 1646 1380 et
1693 1333 1764 1378 ex
1813 1313 2077 1378 Graecia
2120 1332 2334 1378 rursus
2392 1313 2459 1377 in
2513 1311 2810 1388 Siciliam,
2874 1311 3099 1377 deinde
3154 1331 3305 1376 uero

388 1434 737 1500 Massiliam
804 1432 1008 1497 uehi?
1099 1430 1273 1512 Quod
1343 1429 1544 1495 maius
1613 1432 1742 1506 est,
1813 1430 1999 1494 huius
2044 1429 2137 1492 rei
2182 1447 2261 1493 ne
2307 1428 2505 1492 ullum
2554 1427 2805 1513 quidem
2852 1427 3195 1512 uestigium
3240 1428 3305 1492 in

393 1549 750 1614 narratione
795 1548 1010 1612 nostra
1057 1545 1261 1610 uideo.
1339 1545 1662 1628 Syracusis
1709 1545 1776 1626 (g
1824 1545 1892 1628 4)
1942 1563 2049 1632 aes
2096 1543 2369 1608 alienum
2418 1543 2887 1608 contraxerant:
2935 1561 3009 1607 ex
3039 1541 3303 1626 Syracu-

397 1665 486 1729 sis
547 1681 724 1746 ergo,
789 1680 909 1728 non
973 1681 1046 1726 ex
1107 1661 1387 1726 Massilia
1431 1663 1760 1744 argentum
1823 1659 2116 1737 uenerat3
2190 1658 2510 1742 Syracusis
2570 1658 2997 1723 habitauerint
3056 1676 3309 1724 necesse

395 1783 494 1846 est
539 1778 922 1844 feneratores
966 1777 1083 1855 illi,
1131 1777 1235 1858 qui
1288 1775 1536 1840 etiamsi
1582 1775 1750 1840 ciues
1783 1775 2231 1851 Massilienses,
2280 1773 2651 1856 Syracusani
2692 1773 2986 1856 inquilini
3016 1773 3302 1851 fuissent,

393 1913 514 1958 non
546 1895 838 1976 poterant
882 1892 1056 1957 nulla
1083 1891 1298 1956 addita
1330 1890 1738 1972 explicatione
1771 1891 2249 1954 Μασσαλιῶται
2279 1885 2713 1964 δεδανεικότες
2744 1887 3067 1970 adpellari.
3122 1889 3305 1973 Nego

391 2010 592 2092 igitur
633 2007 922 2090 equidem
971 2009 1299 2082 oratorem,
1349 2023 1490 2070 cum
1536 2004 1959 2070 Massilienses
2007 2004 2353 2070 creditores
2397 2002 2745 2086 adpellaret
2786 2003 2863 2068 de
2908 2004 3077 2068 ueris
3122 2003 3306 2087 Syra-

399 2124 644 2188 cusanis
691 2122 1100 2188 creditoribus
1145 2121 1492 2206 cogitasse:
1541 2121 1667 2185 imo
1715 2121 2126 2186 mentientem
2172 2118 2377 2185 uoluit
2434 2118 2616 2184 nobis
2664 2119 3076 2210 Zenothemin
3121 2117 3306 2184 indu-

401 2255 540 2303 cere
585 2239 651 2302 et
691 2255 884 2303 nouos
931 2237 1272 2304 creditores
1317 2254 1544 2302 nouam
1591 2236 2015 2320 syngrapham
2061 2234 2443 2318 fingentem;
2502 2251 2724 2316 parum
2782 2235 2917 2318 ipse
2970 2252 3191 2300 curans
3233 2235 3309 2299 ut

401 2351 786 2418 mendacium
835 2353 1000 2436 quod
1060 2352 1156 2418 illi
1209 2351 1539 2431 tribueret,
1603 2350 1876 2433 speciem
1934 2349 2210 2432 aliquam
2266 2348 2404 2414 ueri
2456 2347 2887 2416 similitudinis
2940 2349 3305 2434 praeferret.

1764 2537 1935 2623 VII.

573 2702 960 2768 Gemit-emur
1008 2702 1200 2767 etiam
1245 2720 1472 2767 nauem
1517 2720 1590 2767 ex
1639 2701 2049 2785 Cephallenia
2095 2702 2379 2767 Athenas
2442 2702 2821 2767 redeuntem.
2916 2701 3135 2767 Eidem
3196 2722 3307 2769 ue-

399 2820 628 2883 huntur
671 2837 824 2902 quos
870 2818 997 2883 iam
1043 2818 1352 2881 nouimus.
1443 2817 1716 2881 Tantam
1763 2816 1955 2881 fuisse
2004 2816 2467 2911 Zenothemidis
2524 2815 2975 2900 impudentiam
3030 2820 3310 2900 queritur

395 2936 620 3011 orator,
685 2934 760 2997 ut
805 2932 964 2997 dolis
1025 2932 1156 2997 suis
1217 2931 1549 3014 patefactis
1611 2931 2020 2997 nihilominus
2068 2932 2351 2997 Athenas
2416 2932 2635 2997 uenire
2704 2929 2967 2998 auderet
3020 2949 3093 2996 ac
3147 2950 3311 2998 nona

395 3049 624 3115 moliri.
715 3048 977 3112 Praeter
1019 3048 1186 3111 hunc
1231 3049 1429 3130 igitur
1475 3048 1652 3113 erant
1697 3046 1945 3123 Protus,
1994 3046 2363 3130 Syracusani
2420 3046 2833 3124 feneratores,
2886 3046 3311 3111 Massilienses

395 3166 626 3247 aliique
674 3163 956 3227 homines
1002 3162 1256 3245 priuati.
1349 3162 1569 3227 Nouus
1613 3161 1860 3227 itineris
1907 3180 2116 3226 comes
2163 3161 2253 3227 eis
2300 3162 2651 3228 accesserat
2694 3180 2855 3227 unus
2902 3161 3311 3244 Aristophon,

401 3279 508 3359 qni
553 3279 738 3343 homo
784 3280 856 3342 ut
901 3280 1040 3343 erat
1081 3277 1392 3359 peruersis
1437 3276 1718 3342 moribus
1761 3276 2009 3357 prodita
2040 3277 2339 3341 Demonis
2367 3294 2570 3372 ‘causa
2614 3276 2695 3341 ad
2740 3295 2927 3360 quam
2973 3274 3311 3341 defenden-

399 3394 542 3458 dam
585 3393 654 3457 in
683 3392 1150 3476 Cephalleniam
1200 3392 1427 3457 missus
1473 3368 1610 3457 erat
1654 3390 1987 3473 perfidiose
2034 3390 2115 3456 ad
2160 3394 2371 3474 partes
2410 3390 2877 3457 Zenothemidis
2920 3390 3175 3457 transiit
3220 3390 3311 3457 ei-

397 3528 516 3592 que
562 3527 860 3589 nouarum
909 3508 1337 3573 machinarum
1387 3506 1598 3571 extitit
1641 3524 1876 3572 suasor.
1970 3508 2107 3571 Hoc
2162 3507 2227 3571 in
2282 3507 2511 3572 itinere
2560 3506 2825 3575 maxime
2882 3524 3201 3573 sermones
3245 3508 3313 3573 et

395 3625 654 3691 consilia
701 3624 1062 3690 conferebat
1105 3623 1496 3705 Aristophon
1561 3641 1702 3687 cum
1767 3622 2211 3688 Zenothemide
2272 3623 2339 3687 et
2390 3622 2795 3706 Syracusanis
2855 3621 3311 3687 feneratoribus

396 3741 626 3823 quippe
660 3740 888 3822 quibus
935 3742 1006 3805 ut
1053 3739 1232 3803 illum
1281 3740 1500 3803 contra
1529 3738 1794 3802 Protum
1825 3736 2235 3820 defenderent
2262 3737 2688 3819 persuaderet,
2736 3736 3173 3801 Zenothemidi
3200 3754 3315 3801 au-

399 3856 528 3919 tem
559 3856 682 3936 ipsi
711 3856 928 3920 auctor
960 3856 1115 3930 erat,
1163 3854 1235 3917 ut
1267 3854 1650 3917 frumentum
1697 3852 1821 3916 sibi
1865 3852 1945 3917 ab
1978 3852 2363 3935 Hegestrato
2393 3869 2503 3935 pro
2534 3852 2793 3935 pignore
2841 3870 2975 3917 esse
3021 3850 3311 3916 relictum

404 3966 760 4054 diceret.³⁹)
839 3969 1232 4035 Admirabile
1266 3968 1474 4033 hercle
1521 3968 1878 4051 conlegium
1909 3968 2227 4032 latronum
2259 3985 2525 4050 quorum
2570 3970 2636 4033 et
2682 3967 2973 4032 uoluntas
3020 3967 3087 4031 et
3130 3984 3319 4031 causa

399 4084 980 4165 impudentissima:
1025 4085 1194 4150 inter
1237 4084 1404 4149 fures
1449 4102 1609 4149 unus
1657 4083 1885 4148 Protus
1931 4082 2231 4149 honestus
2277 4081 2483 4147 home.

548 4362 620 4433 ⁸⁸)
657 4366 690 4435 fi
731 4365 827 4419 12:
865 4362 1043 4436 τούτῳ
1077 4365 1349 4419 συνδικεῖν
1386 4359 1789 4432 ἀναγκάζονται
1833 4365 1931 4418 τοῦ
1976 4338 2351 4432 αυμφέροντος
2394 4358 2551 4417 ἕνεκα
2596 4361 2696 4417 τοῦ
2746 4358 2974 4416 ἑαυτῶν.
3055 4359 3123 4430 ⁸⁰)
3160 4361 3317 4428 Quod

405 4468 648 4523 pugnare
698 4470 816 4508 cum
865 4455 898 4521 fi
941 4455 1006 4509 16
1043 4454 1153 4508 iam
1197 4470 1361 4524 supra
1396 4471 1448 4524 p.
1488 4456 1518 4508 7
1567 4452 1826 4518 uidimus,
1881 4452 1953 4508 cf.
1988 4454 2023 4521 g
2063 4453 2129 4507 10
2166 4454 2225 4508 et
2270 4454 2351 4507 11.
2426 4450 2677 4508 Ceterum
2722 4450 2867 4507 infra
2910 4449 3201 4523 separatim
3250 4448 3319 4505 de

400 4540 793 4612 Aristophonte
829 4542 1133 4598 accuratius
1168 4542 1404 4598 dicemus
1439 4542 1496 4597 in
1533 4542 1714 4612 capite
1749 4540 1844 4597 XI.
