3876 5242
1661 183 2103 246 ...111-,-

417 379 584 444 bere.
679 376 804 442 Sed
847 377 968 442 hoc
1013 395 1256 461 quoque
1301 376 1500 442 inuito
1547 379 1794 441 oratore
1839 378 2053 440 nostro
2102 376 2354 452 statuit,
2418 375 2582 459 apud
2638 394 2823 458 quem
2882 374 3066 440 huius
3126 375 3331 440 muta·

415 494 607 562 tionis
649 513 728 560 ne
775 493 1118 577 uestigium
1174 493 1426 575 quidem
1483 491 1987 574 deprehenditur.
2082 490 2285 578 Quare
2332 493 2487 556 haec
2529 493 2687 558 item
2732 490 3139 574 improbanda
3185 493 3334 556 sunt

417 611 604 692 atque
651 608 766 674 illa
807 626 964 691 quae
1011 608 1276 686 eundem
1323 607 1532 673 uirum
1577 606 1828 672 doctum
1875 607 1951 672 de
1982 605 2376 690 γραμμάτων
2422 608 2575 690 §28
2626 607 3035 690 explicatione
3080 607 3331 690 excogi-

417 728 585 792 tasse
631 724 900 790 diximus
945 743 1004 806 p.
1063 725 1163 789 12.
1258 723 1391 789 Ν33
1437 723 1616 789 301113
1663 723 1866 807 magis
1911 724 2235 807 continget
2280 741 2465 806 quam
2512 723 2738 790 ceteris
2782 725 2855 787 ut
2912 723 3073 788 hanc
3128 721 3328 800 litem,

415 859 573 924 quae
619 858 656 904 3
701 841 847 924 δίκῃ
893 834 1137 923 βλάβης
1182 839 1458 922 proxime
1503 839 1726 904 abesse
1772 838 2045 916 uidetur,
2094 839 2326 903 certius
2373 836 2775 914 definiamus;
2822 837 2901 902 113
2950 839 3117 903 certe
3162 855 3330 902 mer-

415 955 652 1022 catoria
695 974 816 1021 303
862 954 1004 1020 fuit.

597 1071 816 1164 Altera
862 1069 1198 1136 difficultas
1245 1071 1460 1137 existit
1505 1071 1580 1136 de
1627 1073 1930 1155 tempore.
2024 1071 2159 1136 Hoc
2204 1072 2370 1136 enim
2416 1071 2471 1135 si
2516 1073 2871 1146 teneamus,
2927 1069 3089 1152 quod
3148 1068 3328 1133 modo

417 1187 650 1253 dictum
699 1188 818 1264 est,
864 1185 1046 1252 litem
1095 1189 1528 1254 mercatoriam
1581 1207 1714 1253 eam
1764 1206 1886 1253 non
1930 1187 2157 1264 fuisse,
2204 1205 2325 1270 quo
2372 1185 2556 1252 modo
2602 1185 2741 1251 fieri
2786 1185 2996 1268 potuit
3054 1186 3128 1249 ut
3186 1202 3328 1248 cum

417 1302 638 1367 ecdem
683 1303 964 1384 tempore
1011 1302 1234 1367 ambae
1280 1301 1559 1367 actiones
1604 1303 1934 1368 institutae
1982 1303 2195 1366 essent
2239 1303 2319 1368 lis
2364 1319 2525 1385 quae
2577 1319 2698 1367 non
2744 1300 3117 1366 mercatoria
3163 1300 3331 1365 esset

415 1419 562 1482 ante
625 1418 1058 1482 mercatoriam
1122 1416 1566 1484 diiudicaretur
1589 1421 1622 1482 ἱ)
1723 1418 1846 1482 Res
1903 1420 2117 1482 autem
2176 1419 2327 1484 nota
2379 1419 2478 1482 est
2541 1417 2983 1483 breuissimum
3052 1416 3327 1498 spatium

415 1521 928 1598 mercatoriamm
958 1532 1170 1598 fuisse.
1235 1533 1370 1600 Iam
1399 1535 1612 1604 autem
1641 1531 1904 1598 Pr'otum
1949 1533 2427 1599 condemnatum
2460 1552 2595 1599 esse
2628 1532 2836 1598 elucet
2866 1550 2939 1596 ex
2970 1533 3007 1616 g
3042 1532 3325 1596 27—29.

596 1648 837 1713 Demon
883 1667 1004 1731 quo
1051 1648 1302 1733 dignius
1347 1649 1516 1713 esset
1558 1648 1680 1714 fide
1727 1649 1891 1731 quod
1940 1649 2198 1728 dixerat,
2248 1649 2610 1715 conuenisse
2656 1649 2829 1715 inter
2876 1666 3000 1728 eos,
3055 1648 3128 1712 ut
3172 1647 3328 1712 Pro-

373 1795 380 1801 ·
419 1769 519 1828 tus
547 1782 808 1848 peregre
841 1763 1066 1843 abiret,
1113 1764 1281 1830 haud
1325 1767 1538 1846 inepte
1585 1764 1910 1830 contendit
1952 1765 2019 1830 in
2051 1766 2088 1850 g
2124 1767 2246 1830 29:
2294 1765 2413 1830 hoc
2459 1766 2579 1831 nisi
2626 1765 3041 1849 compositum
3080 1762 3327 1840 fuisset,

416 1879 694 1945 futurum
743 1879 938 1944 fuisse
983 1882 1056 1945 ut
1100 1880 1502 1946 Zenothemis
1548 1881 1808 1946 Protum
1868 1881 2035 1964 apud
2088 1880 2555 1965 polemarchum
2614 1881 2943 1964 sponsione
3000 1878 3328 1964 obligaret.

421 1997 509 2060 At
553 2013 704 2060 uero
751 2015 890 2060 cum
938 1995 1113 2061 addit
1155 1997 1194 2079 fi
1241 1997 1368 2065 30:
1428 1993 1552 2078 ἐγώ
1597 1993 1722 2080 γὰρ
1767 1991 1975 2062 αὐτὸν
2026 1992 2380 2082 κλητεύσω,
2439 1993 2521 2062 σύ
2581 1991 2637 2062 6’
2687 1993 2833 2060 οὔτε
2878 1989 3330 2078 κατηγγύησας

422 2105 573 2177 οὔτε
617 2112 744 2176 νῦν
784 2106 1124 2194 aimerius,
1172 2111 1234 2174 in
1283 2111 1382 2178 his
1427 2112 1599 2176 notio
1649 2114 1770 2177 τοῦ
1823 2107 2153 2196 κλητεύειν
2198 2113 2241 2176 1.
2292 2131 2345 2176 3.
2406 2111 2697 2176 citandi
2756 2110 3152 2194 ineptissima
3207 2111 3326 2174 est.

425 2223 558 2306 Quo
603 2225 784 2291 modo
839 2225 1006 2305 enim
1065 2227 1118 2292 is
1177 2245 1340 2292 nunc
1385 2228 1570 2293 testis
1615 2229 1795 2292 citari
1841 2231 2065 2311 possit,
2124 2247 2310 2311 quem
2355 2229 2487 2311 ipse
2542 2230 2750 2294 orator
2805 2226 2961 2291 dicit
3014 2227 3079 2291 in
3124 2225 3330 2290 aliena

419 2341 654 2407 uersari
702 2343 870 2406 terra
893 2343 924 2405 ‘e‘
1014 2341 1248 2421 Quodsi
1295 2362 1434 2408 cum
1483 2341 1800 2426 Philippio
1847 2363 1920 2408 eo
1968 2345 2311 2429 confugias,
2356 2347 2433 2408 ut
2476 2343 2647 2410 (11333
2708 2346 3021 2409 oratorem
3084 2361 3149 2407 se
3204 2359 3328 2406 non

415 2476 578 2522 111133
623 2457 742 2522 1103
786 2457 992 2522 facere
1037 2459 1314 2541 profiteri
1359 2458 1468 2523 sed
1514 2458 1821 2524 facturum
1879 2460 1941 2524 in
2002 2459 2115 2524 lite
2170 2459 2247 2524 de
2304 2479 2369 2524 re
2427 2460 2594 2541 ipsa,
2652 2462 2983 2544 postquam
3046 2457 3327 2540 exceptio

413 2575 772 2659 perpetrata
820 2573 1004 2653 esset,
1051 2574 1458 2658 respondeam
1506 2576 1665 2642 hoc:
1715 2575 1768 2641 31
1816 2574 2044 2641 Ρ101113
2078 2575 2295 2643 Attica
2341 2577 2606 2641 excessit
2642 2578 2716 2639 ut
2744 2575 3181 2641 testimonium
3226 2572 3325 2639 ui-

289 2692 296 2699 '
411 2691 599 2769 taret,
647 2710 768 2755 non
815 2690 1114 2756 admittet
1157 2690 1287 2770 ille,
1337 2693 1409 2756 ut
1453 2692 1670 2757 redeat
1722 2693 1868 2757 ante
1928 2691 2107 2756 litem
2164 2689 2578 2774 diremptam:
2638 2710 2839 2773 neque
2899 2692 3015 2755 hac
3072 2707 3327 2755 excusa-

415 2807 606 2885 tione,
653 2826 812 2890 quae
857 2808 923 2872 in
968 2807 1178 2873 futuro
1225 2809 1506 2891 tempore
1552 2808 1758 2890 posita
1811 2809 1930 2885 est,
1986 2807 2247 2873 alterius
2306 2807 2485 2873 uerbi
2541 2802 2691 2872 οὔτε
2744 2809 2871 2871 νῦν
2924 2800 3327 2889 κλητεύεις

414 2923 687 3005 ineptiae
731 2922 860 2988 ullo
903 2927 1304 2989 remouentur
1348 2924 1551 2989 modo.

595 3296 798 3381 Digna
843 3297 941 3361 est
985 3295 1566 3379 Aristophontis
1612 3316 1894 3379 persona,
1946 3316 2103 3380 quae
2152 3298 2492 3381 separatim
2548 3296 2987 3363 consideretur.
3081 3296 3328 3362 Aristo-

417 3411 578 3494 phon
629 3429 769 3477 cum
815 3431 852 3476 a
895 3411 1175 3477 Demone
1221 3412 1284 3477 in
1332 3410 1806 3494 Cephalleniam
1852 3413 2083 3479 missus
2132 3417 2299 3479 esset
2345 3415 2416 3478 ut
2460 3431 2636 3478 suam
2668 3413 2968 3495 Protique
3014 3431 3144 3476 rem
3184 3432 3328 3495 pro-

415 3529 677 3606 curaret,
726 3526 1084 3594 foedissime
1131 3527 1210 3592 ad
1259 3546 1506 3593 causam
1554 3528 1898 3594 aduersarii
1948 3528 2435 3607 Zenothemidis,
2499 3529 2595 3593 cui
2646 3528 2701 3592 si
2746 3530 2913 3592 recte
2969 3526 3328 3592 emendaui-

413 3663 552 3709 mus
599 3642 680 3708 ad
727 3644 764 3727 5
803 3644 876 3708 11
903 3640 992 3727 ⁵⁸)
1041 3644 1168 3708 iam
1214 3645 1349 3709 erat
1393 3646 1601 3722 1101113,
1647 3644 1920 3709 transiit.
1992 3646 2145 3709 Inde
2194 3664 2342 3710 uero
2388 3646 2679 3710 narratur
2711 3642 3144 3709 Zenothemidi
3191 3662 3326 3707 om·

413 3760 584 3824 nium
634 3775 840 3824 rerum
888 3758 1300 3843 gerendarum
1349 3759 1468 3823 dux
1515 3763 1688 3824 actor
1732 3763 1949 3825 auctor
1992 3760 2203 3825 fuisse.
2298 3760 2450 3825 Tam
2509 3760 2822 3842 peruersis
2878 3759 3155 3823 moribus
3215 3758 3325 3821 ille

413 3876 600 3939 homo
647 3877 762 3953 est,
812 3877 885 3939 ut
929 3893 1126 3957 paene
1174 3876 1346 3939 nefas
1395 3875 1624 3940 habeat
1670 3876 1876 3940 orator
1924 3894 2065 3940 311111
2114 3878 2452 3941 1101313313.
2546 3875 2714 3941 Audi
2766 3875 2853 3939 sis
2906 3892 3049 3939 eum
3114 3872 3325 3938 dicen-

417 3992 544 4053 tem
591 3989 628 4073 fi
681 3990 760 4054 10
801 3993 872 4054 ,et
917 4008 1089 4073 seqq.
1137 3992 1197 4053 τί
1243 3979 1368 4054 οὖν
1412 3985 1550 4055 ποτ’
1610 3988 1741 4054 ἐστὶ
1793 3984 1868 4081 τᾷ
1933 3992 2145 4054 αἴτιον
2198 3990 2305 4055 καὶ
2358 3993 2447 4077 τῷ
2508 3985 2649 4054 ποτ’
2716 3982 3073 4075 ἐπηρμένος
3134 3976 3327 4065 οὗτος

415 4103 869 4191 (Zenothemis)
902 4102 1288 4191 κατελήλυθε
1333 4104 1437 4172 καὶ
1484 4102 1604 4190 τὴν
1651 4107 1838 4190 δίκην
1885 4105 2159 4190 εἴληχενς
2210 4100 2333 4188 ἐγώ
2364 4099 2521 4186 ὑμῖν
2553 4102 2694 4186 ἐρῶ,
2743 4101 2973 4189 ἄνδρες
3010 4103 3323 4184 δικασταὶ,

559 4421 632 4491 ⁸⁶)
671 4422 806 4477 Vide
844 4422 1089 4478 adnotat.
1130 4426 1215 4477 33.
