3876 5242
1833 207 2230 270 „5-

567 399 980 466 creditoribus
1027 399 1269 464 dixerat
1314 400 1476 464 teste
1526 400 1902 484 Hegestrato
1964 400 2123 482 ipso.
2216 398 2389 480 Quae
2435 400 2491 465 si
2536 403 2744 466 tecum
2802 400 3221 484 reputaueris‚
3280 419 3485 464 nonne

567 515 794 580 mirum
844 515 963 580 tibi
1007 515 1327 580 uidebitur
1385 533 1462 580 ne
1509 517 1660 580 tunc
1718 514 1971 597 quidem
2028 516 2197 581 inter
2242 516 2525 582 homines
2581 515 2723 582 illos
2782 515 2857 580 de
2914 517 3263 594 frumento,
3320 515 3483 599 quod

565 649 725 695 unus
771 629 1030 714 quisque
1077 647 1292 696 eorum
1337 629 1448 696 aut
1492 629 1743 712 putaret
1789 649 1972 696 suum
2018 647 2155 694 esse
2200 631 2311 697 aut
2364 631 2719 707 simularet,
2778 631 3165 698 mentionem
3223 631 3291 695 in
3346 647 3479 696 sei·-

563 745 850 810 monibus
897 763 1032 810 esse
1077 745 1394 825 iniectam,
1441 763 1566 810 non
1611 744 1794 811 litem
1839 745 2138 826 exortam,
2200 763 2328 810 non
2383 744 2649 830 denique
2704 745 2989 812 fraudem
3052 745 3479 830 improborum

563 861 888 926 hominum
935 878 1069 926 esse
1117 857 1428 926 detectam
1456 864 1487 926 ἱ)
1575 859 1718 925 Nisi
1763 859 1926 926 forte
1972 862 2156 943 putas
2202 863 2583 928 mercatores
2638 861 2813 928 illius
2866 862 3171 944 temporis
3224 879 3348 926 uon
3408 861 3481 925 de

561 977 834 1060 negotiis
881 977 1010 1042 suis
1057 976 1161 1040 uel
1207 975 1506 1041 confectis
1557 975 1664 1042 uel
1721 975 2149 1053 conficiendis,
2220 977 2331 1041 sed
2383 977 2461 1043 de
2515 976 2748 1042 litteris
2802 977 3052 1044 tantum
3116 977 3181 1044 et
3242 977 3483 1042 artibus

561 1091 926 1156 liberalibus
969 1091 1135 1156 inter
1179 1110 1246 1157 se
1295 1110 1432 1157 esse
1479 1091 1932 1158 confabulatos.
2028 1092 2199 1158 Duos
2245 1092 2415 1156 enim
2459 1092 2566 1156 uel
2612 1094 2743 1157 tres
2799 1092 2935 1158 dies
2998 1091 3477 1158 concordissime

567 1207 628 1270 in
677 1225 835 1272 naue
880 1207 1240 1284 uiuebatur3
1288 1207 1458 1272 fraus
1504 1225 1654 1273 uero
1701 1209 1757 1274 si
1801 1207 2116 1291 patefacta
2177 1210 2341 1274 esset
2361 1256 2377 1286 ‚
2442 1227 2563 1274 non
2622 1206 2906 1274 licuisset
2970 1208 3349 1293 Hegestrato
3408 1225 3481 1272 ea

564 1323 795 1400 conari,
843 1340 1000 1406 quae
1046 1324 1338 1388 conatum
1385 1340 1528 1388 eum
1573 1341 1709 1388 esse
1756 1342 1897 1388 mox
1943 1320 2323 1388 uidebimus

1968 1603 2098 1689 IV.

744 1830 904 1894 Dum
953 1829 1146 1913 igitur
1191 1830 1356 1894 inter
1402 1847 1617 1894 omues
1664 1848 1910 1894 summa
1955 1847 2071 1911 pax
2118 1831 2241 1903 est,
2294 1827 2554 1894 insidias
2600 1829 2762 1893 clam
2808 1831 3060 1894 struunt
3105 1845 3297 1895 nouas
3346 1829 3477 1893 He-

569 1947 878 2029 gestratus
927 1947 991 2008 et
1037 1944 1454 2010 Zenothemis.
1533 1945 1895 2011 Narrationi
1944 1944 2111 2010 enim
2156 1944 2555 2010 inserendum
2600 1947 2699 2008 est
2742 1944 3004 2027 aliquid,
3052 1942 3219 2026 quod
3266 1945 3330 2008 in
3378 1961 3480 2007 ai·-

564 2061 1038 2142 gumentatione
1101 2061 1275 2142 quasi
1337 2058 1404 2123 in
1462 2061 1827 2125 transcursu
1888 2060 2239 2125 edocemur.
2332 2059 2488 2124 Vide
2549 2059 3071 2142 quemadmodum
3130 2059 3487 2142 coarguerit

569 2174 1017 2258 Hegestratum
1063 2177 1127 2238 et
1173 2175 1580 2240 Zenothemin
1624 2194 1784 2240 unus
1831 2193 2044 2240 eorum
2092 2176 2195 2257 qui
2259 2175 2531 2240 adfuisse
2579 2174 2870 2239 dicuntur
2916 2175 2951 2257 g
3008 2175 3118 2238 16:
3182 2169 3311 2257 πρὸ
3356 2169 3482 2256 γὰρ

564 2293 682 2356 τοῦ
741 2285 1115 2355 διακόπτειν
1173 2287 1568 2374 ἐπιχειρῆσαι
1621 2286 1741 2374 τὴν
1804 2293 1975 2356 ναῦν
2034 2291 2325 2355 τίθενται
2386 2285 2553 2373 πρός
2610 2312 2757 2354 τινα
2824 2291 2955 2353 τῶν
3022 2285 3480 2371 συμπλεόντων

567 2393 760 2482 οὗτος
805 2404 911 2470 καὶ
937 2399 1362 2488 Ἡγέστρατος
1408 2403 1822 2490 συγγραφήν.
1873 2406 1952 2470 cf.
1986 2407 2023 2488 g
2062 2409 2175 2471 19:
2226 2403 2379 2490 (ὅτι)
2430 2403 2503 2470 ἐν
2544 2407 2635 2494 τῷ
2680 2406 2885 2494 πλοίῳ
2932 2401 3051 2492 τὴν
3096 2402 3483 2489 συγγραφὴν

569 2520 772 2586 ἔθετο.
825 2522 922 2586 Ad
954 2539 1110 2605 quae
1144 2521 1222 2588 G..
1259 2524 1336 2586 H.
1373 2522 1751 2588 Schaeferus:
1806 2521 2107 2604 »adparet
2136 2522 2551 2606 syngrapham
2586 2521 2753 2586 inter
2795 2521 3219 2605 nauigandum
3252 2521 3483 2586 factam

565 2640 862 2720 tanquam
906 2637 1308 2720 appendicem
1356 2638 1550 2704 fuisse
1594 2640 1715 2703 τοῦ
1743 2633 2305 2722 κακουργήματοςε
2352 2640 2452 2715 ut,
2500 2638 2556 2703 si
2600 2637 2794 2715 forte,
2843 2638 3005 2720 quod
3051 2636 3309 2715 accidit,
3358 2655 3481 2701 non

567 2753 926 2819 succederet
969 2753 1148 2818 nauis
1205 2752 1543 2832 demersio,
1589 2772 1780 2819 manu
1825 2748 2138 2819 frumento
2182 2752 2416 2819 iniecta
2461 2752 2767 2819 haberent
2815 2752 2977 2817 unde
3022 2770 3248 2819 nomen
3294 2752 3481 2836 Syra·

568 2870 730 2935 cusis
801 2870 1190 2934 contractum
1261 2868 1736 2934 dissoluerent.‹
1833 2866 2069 2948 Quodsi
2137 2864 2231 2935 illi
2301 2867 2888 2951 obtemperandum,
2956 2871 3227 2951 quarta
3244 2888 3309 2933 m
3378 2866 3481 2932 hic

565 2984 866 3049 habemus
910 2984 1332 3067 syngrapham
1377 3002 1638 3066 eamque
1683 2985 1838 3049 item
1882 3002 1995 3066 per
2027 2982 2239 3050 dolum
2285 2982 2668 3061 confectam3
2716 2982 2886 3049 idem
2931 2986 3097 3049 enim
3130 2983 3307 3048 Preti
3350 2983 3479 3048 fru-

567 3100 850 3164 mentum
909 3100 1357 3183 oppigneratur
1413 3118 1524 3181 pro
1585 3098 1873 3181 pecunia,
1946 3118 2131 3183 quam
2185 3100 2604 3183 Hegestratus
2666 3098 2898 3166 dicitur
2948 3119 2987 3165 a
3032 3097 3479 3165 Zenothemide

569 3216 852 3279 mutuam
916 3214 1250 3296 accepisse.
1345 3214 1479 3295 Qua
1549 3233 1687 3279 cum
1746 3215 2156 3297 explicatione
2192 3216 2412 3280 -etiam
2483 3214 2795 3283 Arnoldus
2864 3214 3137 3283 Schaefer
3204 3212 3476 3296 facit.²·'¹)

567 3332 798 3396 Veram
845 3350 978 3396 esse
1021 3348 1156 3395 eam
1205 3329 1431 3397 docent
1460 3349 1616 3415 quae
1659 3332 2031 3413 sequuntur:
2082 3330 2197 3395 tali
2244 3333 2407 3397 enim
2456 3334 2811 3416 syngrapha
2856 3334 3028 3398 nisus
3074 3334 3479 3417 posteaquam

567 3446 746 3512 nauis
776 3446 1062 3511 Athenas
1109 3446 1384 3524 aduenit,
1434 3446 1828 3512 Zenothemis
1869 3445 2251 3512 frumentum
2292 3449 2365 3511 ut
2400 3447 2521 3512 sibi
2552 3447 2631 3512 ab
2664 3448 3043 3530 Hegestrato
3074 3466 3187 3530 pro
3220 3447 3477 3531 pignore

567 3562 784 3627 datum
827 3562 962 3643 ipse
1011 3560 1414 3646 uindicat.'⁶)

745 3675 868 3742 Sed
911 3696 1164 3759 prorsus
1211 3678 1398 3744 aliter
1436 3678 1787 3761 Philippius
1813 3676 1902 3763 ²⁷)
1953 3679 2179 3743 statuit
2224 3679 2301 3743 de
2347 3681 2389 3759 ἓ
2428 3680 2505 3742 16
2552 3678 2781 3741 uerbis.
2838 3676 3043 3743 »Huic
3088 3678 3477 3760 syngraphae‚

566 3792 773 3876 inquit
815 3792 955 3870 ille,
1005 3792 1166 3858 nihil
1210 3812 1537 3859 commune
1585 3795 1684 3859 est
1729 3813 1870 3859 cum
1909 3794 2029 3859 hoc
2060 3792 2525 3859 Zenothemidis
2566 3792 2856 3869 consili03
2902 3792 3061 3860 nihil
3101 3810 3176 3855 ea
3206 3792 3482 3873 pertinet

567 3908 648 3973 ad
703 3909 884 3987 hanc,
955 3907 1033 3973 de
1093 3927 1250 3993 quae
1317 3909 1545 3994 agitur,
1613 3908 1823 3986 litem3
1901 3909 2012 3973 aut
2074 3926 2247 3973 mera
2306 3905 2619 3973 rhetorica
2684 3906 3090 3989 amplificatio
3160 3907 3281 3982 est,
3367 3908 3479 3969 aut

567 4036 1052 4091 commemorare
1097 4024 1350 4090 uolebat
1397 4026 1602 4090 orator
1647 4023 1898 4108 aliquod
1927 4022 2257 4106 praeteriti
2302 4023 2603 4103 temporis
2649 4021 2906 4087 factum.
2925 4046 2954 4081 α
3031 4020 3207 4101 Quod
3241 4019 3476 4081 utinam

569 4138 751 4223 quale
783 4138 1008 4205 fuisset
1055 4140 1236 4205 nobis
1285 4139 1700 4235 significasset
1733 4140 1829 4204 vir
1871 4139 1981 4205 ille
2023 4136 2273 4203 doctus:
2328 4137 2419 4203 ita
2470 4156 2618 4203 uero
2660 4135 2968 4219 explicare
3018 4136 3116 4199 est
3157 4133 3481 4213 desperare

715 4456 787 4549 ¹⁶)
824 4474 876 4527 p.
917 4455 1037 4510 294.
1115 4451 1188 4522 η)
1224 4454 1256 4523 g
1294 4454 1346 4517 2,
1386 4452 1469 4518 12,
1513 4452 1594 4517 14,
1637 4452 1721 4510 15.
1799 4448 1869 4518 ⁸⁷)
1907 4467 1959 4521 p.
1998 4450 2121 4505 58¹·
