3876 5242
649 391 693 460 ἃ
737 391 825 478 μὴ
869 395 1216 458 καταπλεῖν
1262 388 1427 468 ὅλως
1475 380 1668 468 οὗτος
1713 391 1911 472 δεῦρο
1958 385 2265 474 ἔπραττεν
2314 389 2403 472 (11.
2448 409 2502 458 e.
2543 391 2975 476 frumentum),
3022 387 3207 458 ταῦτ’
3262 390 3617 477 εἰσαγώ-

647 533 833 592 γιμα
876 504 1087 596 τούτῳ
1134 508 1576 591 ψηφίσασθαι,
1626 507 1736 573 ubi
1781 506 2099 590 quaeritur
2142 508 2356 572 utrum
2400 505 2564 572 actio
2610 507 2983 572 mercatoria
3043 503 3617 591 εἰσαγώγιμος

647 626 734 690 611
776 643 990 690 necne.
1039 623 1225 688 Haud
1269 624 1436 689 enim
1481 623 1700 706 ignoro
1745 621 1812 687 id
1855 640 2055 706 genus
2100 622 2300 686 multa
2338 621 2403 686 in
2442 621 2827 687 orationibus
2858 623 3235 707 quibusdam
3292 623 3615 689 inueniri.

650 737 804 820 Quis
849 741 1062 804 autem
1111 738 1321 804 credat
1367 739 1710 803 Demonem
1763 739 1908 819 post
1960 737 2145 802 illum
2201 737 2537 802 uerborum
2593 737 2802 803 lusum
2858 739 3078 803 statim
3135 740 3613 822 exceptionem

648 873 822 920 suam
871 857 936 921 et
979 855 1140 938 legis
1185 853 1380 919 uerba
1422 853 1675 918 recitari
1718 871 1755 917 a
1799 853 2007 918 scriba
2066 853 2349 918 iussisse:
2414 852 2580 936 quod
2624 871 2767 919 cum
2810 855 2877 918 in
2920 854 3129 920 media
3174 855 3211 938 5
3268 857 3317 919 2
3372 855 3615 938 aptum

647 969 869 1049 fuerit,
939 969 994 1034 si
1037 969 1274 1034 factum
1323 969 1509 1046 66661,
1557 969 1676 1032 1166
1718 967 1856 1032 1666
1901 967 2241 1034 absurdum
2289 969 2419 1048 est,
2470 987 2610 1034 cum
2656 969 3061 1036 manifestum
3106 970 3193 1034 sit
3238 970 3431 1035 nihil
3480 969 3611 1034 ioci

645 1085 816 1150 illius
864 1083 939 1149 de
983 1084 1295 1149 mercibus
1341 1083 1786 1166 εἰσαγωγίμοις
1830 1084 1943 1148 6111
2001 1083 2382 1167 exceptionis
2429 1084 2715 1150 libellum
2759 1085 2873 1150 aut
2914 1085 3123 1169 legem
3167 1085 3396 1168 ipsam
3449 1103 3614 1151 con-

647 1201 848 1266 tinere
893 1199 1191 1282 potuisse.
1283 1199 1446 1264 Item
1489 1198 1704 1280 inepta
1749 1199 1848 1264 est
1892 1217 2049 1282 quae
2094 1200 2380 1281 sequitur
2424 1199 2489 1265 in
2534 1202 2575 1280 ξ
2620 1202 2705 1265 24
2750 1200 3019 1266 formula
3060 1201 3428 1266 transitus:
3502 1197 3611 1266 ὅτι

641 1314 762 1400 μὲν
813 1317 1039 1380 τοίνυν
1097 1313 1166 1380 ἐκ
1225 1317 1354 1378 τῶν
1405 1309 1629 1396 νόμων
1689 1309 2203 1399 παρεγραψάμην
2270 1311 2358 1399 μὴ
2431 1310 2859 1399 εἰσαγώγιμον
2928 1310 3095 1382 εἶναι
3162 1313 3289 1399 τὴν
3366 1317 3603 1399 δίκην,

648 1433 884 1507 ἱκανῶς
929 1425 1109 1513 οἶμαι
1157 1430 1520 1513 δεδεῖχθαι
1571 1449 1726 1512 quae
1772 1430 1906 1494 siue
1952 1430 2198 1512 spectat
2241 1429 2320 1494 ad
2364 1431 2402 1514 ὅ
2452 1433 2535 1494 23
2582 1432 2717 1498 6166
2770 1432 2867 1497 a&
2894 1433 3095 1497 totam
3140 1432 3606 1497 narrationem

644 1549 710 1612 et
756 1547 1200 1612 tractationem
1247 1544 1338 1610 rei
1382 1545 1580 1627 ipsius
1624 1544 1768 1609 inde
1816 1563 1853 1608 a
1899 1545 1936 1628 g
1990 1547 2071 1609 14
2114 1563 2307 1628 usque
2356 1545 2436 1610 ad
2484 1548 2591 1626 23,
2658 1565 2849 1631 aeque
2895 1545 3166 1612 absurda
3210 1549 3354 1613 est:
3430 1547 3603 1612 adeo

643 1661 949 1726 sarciendi
996 1679 1182 1725 causa
1227 1660 1479 1724 uidetur
1525 1659 1736 1734 addita
1781 1678 1918 1724 6666
1966 1661 2419 1742 cogitationum
2462 1660 2736 1727 lacunas.

823 1775 1130 1857 Quoniam
1175 1776 1293 1840 hoc
1348 1775 1482 1841 loco
1539 1775 1868 1858 attigimus
1921 1794 1997 1841 ea
2038 1778 2409 1860 argumenta
2428 1825 2443 1855 ,
2492 1794 2648 1859 quae
2696 1775 2921 1843 Graeci
2965 1777 3205 1853 πίστεις
3252 1773 3601 1862 ἀτέχνους

644 1892 982 1975 adpellant,
1033 1891 1112 1956 ad
1159 1890 1282 1955 alia
1327 1889 1394 1954 id
1437 1907 1636 1973 genus
1679 1892 2091 1956 transeamus.
2140 1889 2398 1956 Duobus
2443 1889 2597 1957 locis
2642 1893 2839 1958 testes
2886 1891 3179 1958 citantur.
3234 1892 3309 1957 In
3360 1895 3599 1976 poste-

647 2008 798 2073 riori
847 2005 911 2091 (ss
963 2003 1073 2090 19)
1123 2005 1244 2098 tria
1289 2006 1510 2070 testari
1556 2005 1882 2070 iubentur:
1947 2006 2355 2072 Zenothemin
2410 2025 2533 2072 non
2592 2025 2629 2071 a
2676 2026 2985 2090 quoquam
3028 2007 3155 2073 alio
3202 2027 3268 2072 66
3312 2025 3595 2091 posses-

647 2124 819 2188 sione
865 2120 1165 2186 frumenti
1209 2119 1370 2186 deici
1414 2121 1634 2186 siuisse
1681 2120 1802 2185 nisi
1847 2139 1886 2186 a
1931 2121 2210 2187 Damone
2254 2121 2423 2204 ipso;
2470 2123 2977 2204 prouocationem
3021 2123 3101 2188 ad
3146 2123 3595 2208 Syracusanos

647 2237 1055 2322 magistratus
1100 2236 1380 2319 accipere
1425 2236 1699 2302 noluisse
1718 2286 1734 2316 ‚
1780 2237 1847 2301 in
1890 2255 2049 2303 naue
2094 2238 2317 2303 fecisse
2347 2238 2452 2302 uel
2497 2236 2857 2321 deposuisse
2903 2239 3343 2324 syngrapham.
3398 2237 3589 2321 Quo-

647 2373 788 2419 rum
835 2352 910 2418 de
957 2352 1199 2419 duobus
1255 2352 1565 2437 prioribus
1621 2371 1762 2418 cum
1817 2355 2017 2436 possit
2070 2353 2149 2418 ab
2212 2355 2302 2418 eis
2347 2354 2781 2420 testimonium
2830 2354 2995 2433 dari,
3057 2355 3165 2439 qui
3208 2355 3380 2420 rixae
3430 2357 3590 2440 post

649 2469 983 2534 aduentum
1036 2467 1112 2534 de
1158 2467 1472 2533 frumento
1519 2469 1772 2534 obortae
1817 2469 2265 2548 interfuerant,
2330 2471 2447 2535 1166
2492 2467 2659 2554 (1116(1
2704 2469 2926 2536 11111166
2970 2471 3107 2536 1666
3152 2471 3439 2553 ponitur,
3514 2472 3588 2536 et

647 2603 760 2668 per
805 2603 872 2650 66
919 2586 1017 2650 661
1062 2583 1395 2651 obscurum
1444 2583 1548 2671 (de
1596 2603 1716 2668 quo
1762 2584 1890 2649 iam
1936 2602 2123 2667 supra
2169 2582 2573 2671 diximus⁶²))
2626 2586 2693 2652 et
2724 2586 3008 2653 hocloco
3054 2586 3327 2653 alienum
3376 2589 3447 2653 et
3497 2585 3583 2652 ad

650 2701 804 2767 alios
847 2701 1119 2784 pertinet
1161 2700 1380 2765 testes.
1476 2698 1883 2765 Grauioribus
1945 2699 2135 2765 etiarn
2192 2698 2669 2767 difficultatibus
2727 2703 2897 2785 prior
2953 2701 3127 2767 locus
3172 2699 3248 2766 de
3294 2704 3582 2769 testibus

647 2816 894 2883 laborat
940 2815 1006 2900 (g
1059 2818 1190 2901 13).
1284 2815 1524 2881 Demon
1568 2818 1980 2898 posteaquam
2038 2816 2321 2881 narrauit
2366 2834 2522 2899 quae
2568 2816 2921 2901 Syracusis,
2986 2836 3145 2901 quae
3206 2819 3272 2883 in
3333 2818 3576 2883 itinere

649 2932 992 3010 maritimo,
1046 2948 1201 3015 quae
1247 2930 1314 2995 16
1360 2929 1763 3013 Cephallenia
1807 2932 1989 3014 gesta
2032 2932 2265 3010 essent,
2313 2950 2471 3015 quae
2516 2932 2911 2999 machinatus
2957 2934 3125 3000 esset
3153 2932 3574 3015 Aristophon,

649 3048 991 3131 paullisper
1046 3046 1336 3111 subsistit
1395 3048 1469 3112 ut
1527 3048 1724 3113 testes
1784 3046 2011 3111 harum
2062 3065 2271 3111 rerum
2334 3046 2723 3129 produceret.
2817 3046 2983 3129 Quid
3035 3050 3247 3114 autem
3300 3067 3366 3113 re
3411 3066 3576 3115 uera

649 3163 872 3230 testati
915 3164 1044 3228 sint
1089 3182 1162 3227 ex
1207 3160 1560 3227 incredibili
1605 3161 2007 3229 multitudine
2049 3180 2263 3227 rerum
2302 3181 2459 3245 quae
2499 3163 2565 3228 in
2602 3182 2797 3229 unum
2836 3164 3115 3229 conlatae
3157 3168 3326 3242 sunt,
3370 3164 3437 3228 id
3485 3182 3570 3228 ne

651 3279 960 3344 indicatur
1003 3278 1255 3363 quidem
1299 3295 1413 3343 nec
1458 3278 1662 3363 magis
1707 3276 2113 3343 manifestum
2158 3278 2231 3343 fit
2275 3279 2525 3362 quinam
2579 3278 2815 3344 fuerint
2856 3281 3073 3345 testes.
3165 3278 3265 3345 Sic
3311 3298 3569 3361 prorsus

649 3393 974 3479 ignoratur
1020 3394 1124 3477 qui
1169 3392 1396 3459 testari
1442 3393 1718 3476 potuerit
1762 3392 2184 3459 mutuationes
2229 3411 2386 3477 quae
2431 3392 2635 3460 factae
2684 3394 2892 3460 essent
2932 3395 3101 3459 inter
3146 3394 3567 3479 Syracusanos

650 3512 716 3575 et
761 3510 1211 3595 Hegestratum
1257 3512 1322 3575 et
1367 3508 1795 3575 Zenothemin.
1889 3506 2063 3588 Quae
2106 3510 2174 3575 in
2220 3527 2383 3575 naue
2430 3508 2823 3589 accidissent,
2872 3510 2947 3575 de
2996 3510 3085 3575 eis
3130 3510 3561 3577 testimonium

652 3626 775 3691 dici
821 3623 1068 3707 poterat
1112 3644 1150 3690 a
1193 3624 1582 3707 uectoribus:
1642 3621 1717 3689 (16
1771 3624 1963 3690 Proto
2027 3624 2161 3708 ipso
2208 3627 2450 3705 autem,
2506 3644 2690 3711 quem
2737 3626 2871 3692 iure
2918 3628 3233 3710 expectes,
3284 3626 3561 3711 cogitare

649 3743 940 3808 uetamur
985 3740 1022 3824 g
1071 3740 1154 3805 28
1211 3738 1420 3806 uerbis
1475 3738 1684 3805 hisce:
1750 3734 1882 3805 ἀλλ’
1941 3735 2233 3807 ἐκποδών
2279 3738 2454 3807 ἐστιν
2498 3737 2881 3826 ἅνθρωπος.
2937 3736 3047 3807 διά
3091 3764 3176 3837 γε.
3206 3734 3403 3825 ὑμᾶς·
3453 3740 3561 3805 ἵνα

647 3852 766 3934 τὰς
807 3856 1164 3941 μαρτυρίας
1206 3850 1323 3931 τὰς
1365 3848 1675 3940 ἡμετέρας
1719 3855 1892 3942 λίπῃ.
1966 3854 2198 3936 Quodsi
2244 3856 2337 3922 ita
2382 3858 2499 3935 est,
2546 3876 2656 3923 cur
2700 3876 2825 3923 nou
2868 3856 3026 3924 dicit
3054 3856 3298 3922 Demon
3344 3873 3561 3937 quem-

651 3990 798 4037 nam
841 3970 1036 4037 alium
1079 3972 1210 4037 τῶν
1255 3964 1716 4054 συμπλεόντων
1757 3973 1991 4037 16616111
2049 3971 2448 4038 adhibuerit?
2540 3972 2810 4037 Grauius
2864 3990 3011 4035 uero
3070 3970 3227 4034 illud
3288 3968 3451 4052 quod
3495 3970 3561 4032 in

649 4088 956 4173 principio
1009 4088 1222 4171 posui:
1285 4106 1600 4171 nunquam
1658 4086 1965 4155 contendo
2029 4087 2096 4151 in
2158 4104 2307 4153 uera
2364 4086 2643 4152 oratione
2698 4085 2940 4151 tantam
2996 4083 3559 4148 diuersissimamm

649 4223 859 4271 rerum
903 4204 1284 4288 farraginem
1331 4204 1396 4269 in
1441 4220 1630 4270 unum
1675 4202 2111 4269 testimonium
2156 4200 2467 4283 coniungi.

799 4436 870 4503 ⁶²)
904 4452 956 4507 p.
995 4438 1045 4501 6,
1083 4452 1134 4505 p.
1179 4436 1244 4490 13
1281 4440 1414 4491 extr.

3607 0 3823 254 ’Ἴ
