3876 5242
1669 204 2057 266 ...9..

399 403 588 465 πλεῖν
630 395 754 484 τὴν
797 401 966 464 ναῦν
1011 396 1338 482 ἔπραττεν.
1415 396 1596 478 Quod
1641 399 1698 462 si
1744 391 1781 462 ὁ
1826 399 1978 479 παρ’
2015 361 2197 480 ἡμῶν
2242 393 2583 480 συμπλέων
2626 416 2747 462 non
2789 399 2887 462 est
2917 396 3321 479 Aristophon‚

403 515 551 598 quid
598 517 890 596 superest
931 514 1056 578 nisi
1103 517 1172 578 ut
1218 532 1364 578 cum
1410 513 1726 595 Philippio
1773 513 2079 577 Protum
2131 513 2337 596 ipsum
2383 512 2481 577 his
2527 512 2739 578 uerbis
2785 511 3129 594 significari
3184 513 3317 578 sta-

403 632 654 698 tuamus
677 634 710 696 ‘1‘
801 631 1030 695 Protus
1077 629 1347 695 similem
1393 629 1458 693 in
1515 629 1768 694 modum
1823 629 1860 711 g
1913 630 1994 692 12
2058 629 2418 693 nominatur
2466 621 2502 694 ὅ
2548 621 2695 710 παρ’
2748 621 2927 710 ἡμῶν
2983 623 3317 692 ἐπιπλέων.

585 746 924 812 Adsentior
969 745 1168 828 igitur
1215 743 1530 826 Philippio
1577 763 1719 808 eum
1765 743 2023 822 statuit,
2076 744 2338 808 Protum
2394 743 2472 808 ab
2532 745 2775 807 oratore
2824 735 3207 825 'participem
3256 745 3335 812 et.

408 863 756 929 curatorem
799 860 1120 926 societatis
1165 859 1464 924 Demonis
1509 859 1874 942 significari,
1929 859 2040 924 sed
2083 877 2210 923 non
2266 857 2583 923 adsentior
2648 857 2847 922 eidem
2903 858 3021 922 hoc
3080 857 3320 922 factum

409 976 766 1042 excusanti·
837 975 1212 1058 Plerumque
1261 976 1428 1039 enim
1473 974 1700 1039 Protus
1754 993 1876 1039 non
1923 975 2198 1053 curator,
2268 992 2389 1039 non
2452 973 2657 1038 socius
2711 973 3013 1039 Demonis
3070 971 3321 1050 dicitur,

407 1091 517 1158 sed
572 1091 839 1168 debitor,
901 1089 1186 1184 conferas
1245 1089 1454 1154 locum
1517 1109 1553 1153 a
1611 1089 1926 1171 Philippio
1980 1089 2303 1156 laudatum
2358 1089 2394 1172 ξ
2450 1091 2572 1154 14;
2614 1079 2700 1169 ἦν
2744 1085 2801 1154 δ’
2849 1077 3040 1164 οὗτος
3084 1081 3121 1152 ὁ
3167 1082 3322 1172 ἡμῖν

403 1203 486 1271 τὰ
534 1201 800 1290 χρήματ’
847 1202 1146 1290 ὀφείλων.
1225 1205 1446 1286 Neque
1493 1203 1720 1270 desunt
1760 1205 1913 1285 loci,
1972 1205 2083 1270 ubi
2142 1205 2367 1268 Protus
2412 1222 2450 1269 a
2497 1204 2775 1269 Demone
2830 1204 3085 1286 eiusque
3133 1203 3318 1268 sociis

403 1324 476 1386 ut
505 1323 750 1386 diuersa
782 1339 1044 1402 persona
1073 1320 1500 1403 distinguatur
1529 1321 1566 1402 g
1601 1322 1721 1386 25:
1755 1315 1989 1396 αὐτός
2017 1341 2084 1384 τε
2115 1321 2423 1402 κερδᾶναι
2452 1319 2559 1384 καὶ
2590 1313 2767 1403 ἡμῖν
2798 1315 2877 1384 τὰ
2910 1319 3127 1384 δίκαια
3158 1315 3329 1400 ἄπο-ς

407 1438 656 1514 δοῦναι,
707 1438 744 1519 ἕ
793 1439 906 1501 26:
971 1431 1152 1520 ἡμεῖς
1211 1437 1276 1501 οἱ
1327 1432 1761 1514 δεδανεικότες
1804 1432 2329 1519 προσεκρούομεν
2376 1431 2579 1524 αὐτῷ,
2631 1434 2781 1517 quid
2827 1434 2991 1518 quod
3039 1435 3105 1499 in
3151 1435 3187 1518 5
3239 1435 3318 1499 17

409 1553 614 1617 socius
659 1552 909 1634 quidam
957 1553 1130 1616 Preti
1177 1554 1736 1618 commemoratur:
1787 1546 1824 1615 ὁ
1879 1547 2196 1627 κοινωνὸς
2240 1554 2359 1615 τοῦ
2408 1547 2690 1632 Προίτου
2740 1547 3065 1633 Φέρτατος
3090 1553 3120 1614 ?
3166 1549 3319 1614 Inde

411 1665 836 1732 concludimus
881 1667 1069 1732 aliam
1113 1667 1306 1732 fuisse
1353 1669 1722 1733 societatem
1753 1641 2069 1745 Denionis‚
2118 1667 2308 1732 aliam
2352 1665 2655 1732 debitoris
2700 1671 2831 1731 eius
2879 1666 3073 1730 Preti.
3141 1663 3323 1745 Quod

411 1783 619 1846 autem
675 1781 792 1846 hoc
850 1782 988 1847 loco
1044 1781 1280 1848 factum
1328 1785 1452 1861 est,
1519 1785 1590 1848 ut
1643 1783 1925 1848 diuersae
1989 1782 2287 1847 debitoris
2347 1781 2413 1846 et
2470 1780 2624 1847 socii
2683 1781 2969 1846 notiones
3028 1781 3194 1845 inter
3254 1798 3321 1846 se

408 1897 930 1981 coniungerentur
984 1897 1089 1962 uel
1133 1897 1684 1976 confunderentur,
1731 1897 1798 1962 id
1845 1897 2038 1962 etiam
2082 1897 2313 1962 accidit
2356 1896 2423 1961 in
2468 1897 2506 1980 g
2559 1898 2638 1961 18
2687 1898 2753 1960 et
2804 1898 2905 1961 19.
2975 1894 3133 1962 Vide
3176 1895 3321 1978 plu-

407 2011 604 2076 ralem
649 2031 980 2076 numerum
1025 2013 1086 2076 in
1133 2013 1378 2079 uerbis:
1425 2017 1546 2078 τοῦ
1590 2014 1774 2079 σίτου
1818 2008 2257 2097 ἀφιστάμεθα.

1807 2231 1938 2316 VI.

585 2421 656 2486 In
703 2420 1172 2504 Cephalleniam
1219 2441 1362 2486 cum
1409 2423 1751 2499 uenissent,
1799 2421 2200 2486 Zenothemis
2246 2438 2408 2485 noua
2453 2420 2741 2485 machina
2786 2437 2936 2484 usus
2982 2419 3047 2484 id
3093 2419 3322 2503 agebat

405 2556 484 2602 ne
531 2537 710 2602 nauis
757 2537 1044 2603 Athenas
1088 2537 1346 2603 rediret.
1367 2535 1456 2621 ³⁴)
1549 2536 1896 2602 Massiliam
1945 2555 2083 2601 eam
2130 2535 2277 2601 uehi
2324 2536 2615 2613 uolebat;
2664 2554 2785 2618 qua
2828 2535 2894 2599 in
2940 2554 3008 2600 re
3056 2535 3321 2600 adiuua-

405 2654 591 2719 batur
637 2672 674 2717 a
716 2654 1076 2719 uectoribus
1125 2654 1492 2736 quibusdam
1543 2653 2061 2719 Massiliensibus,
2084 2649 2172 2737 ⁸⁵)
2266 2650 2425 2718 Cum
2477 2653 2688 2717 autem
2748 2651 2858 2716 alii
2919 2652 3318 2730 obsisterent,

408 2768 572 2835 inter
618 2788 772 2854 quos
819 2768 1082 2835 Protum
1127 2769 1321 2835 fuisse
1369 2776 1850 2834 consentaneum
1901 2771 2019 2848 est,
2064 2787 2167 2833 res
2214 2766 2491 2834 defertur
2548 2767 2626 2833 ad
2670 2768 3083 2867 magistratus
3137 2766 3321 2832 huius

407 3100 548 3173 ἡνίχ’
589 3135 646 3145 -
691 3105 870 3171 δεῦρο,
909 3104 1240 3175 πρεσβευτὴν
1277 3100 1332 3157 ἐκ
1368 3104 1567 3175 βουλῆς
1602 3124 1727 3157 τινα
1762 3100 2111 3175 λαμβάνομεν
2146 3102 2419 3171 γνώριμον
2466 3098 2684 3169 οὑτωσὶ,
2742 3095 2773 3156 ὅ
2822 3120 2872 3155 τι
2920 3095 2970 3155 δ’
3005 3088 3076 3169 ἦν
3110 3094 3212 3155 οὐκ
3250 3100 3320 3154 εἰ·

409 3194 564 3255 δότες
600 3198 655 3248 et
691 3211 741 3263 q.
779 3210 925 3264 seqq.
987 3194 1183 3248 Mirum
1222 3197 1305 3247 est
1341 3193 1477 3248 illud
1516 3212 1640 3247 τινα
1676 3198 1800 3263 post
1835 3188 1934 3247 ἕνα
1973 3192 2113 3261 quod
2150 3194 2442 3262 praecessit
2459 3214 2473 3257 ;
2512 3193 2708 3246 mirum
2745 3190 2937 3245 deinde
2972 3189 3321 3260 λαμβάνομεν

410 3280 756 3353 πρεσβευτὴν,
795 3300 911 3337 cum
949 3286 1192 3353 expectes
1230 3279 1539 3349 ἐπέμπομεν
1573 3282 1662 3338 uel
1699 3282 1876 3337 simile
1921 3282 2070 3351 quid.
2142 3282 2256 3336 De:
2298 3278 2355 3334 ἐκ
2392 3281 2591 3352 βουλῆς
2626 3279 2807 3336 uerbis
2852 3278 3111 3334 dubitant
3156 3280 3323 3334 inter-

411 3374 591 3441 pretes
601 3393 617 3437 3
656 3370 754 3425 alii
789 3372 928 3427 enim
967 3372 1034 3427 de
1068 3374 1305 3427 senatu
1341 3375 1676 3441 acceperunt,
1715 3371 1814 3425 alii
1849 3370 2017 3425 scribi
2054 3370 2349 3425 iusserunt:
2390 3367 2784 3441 ἐπιβουλῆς,
2823 3371 2886 3422 ut
2910 3384 3029 3421 cum
3064 3366 3319 3438 πρεσβευ-

410 3458 512 3529 τὴν
547 3475 676 3515 uoce
713 3460 1094 3531 coniungerent
1129 3460 1563 3530 explicarentque
1602 3458 1809 3514 Gallice
1852 3463 2051 3528 „agent
2087 3458 2152 3513 de
2190 3458 2517 3523 fourberie“;
2570 3456 2671 3511 alii
2709 3456 2935 3525 denique
2974 3456 3325 3525 interpretati

407 3553 567 3605 sunt:
626 3548 1061 3615 „communicatis
1098 3547 1241 3603 inter
1278 3566 1334 3605 se
1371 3549 1641 3603 consiliis⁸¹
1698 3548 1785 3601 uel
1836 3548 2005 3611 „inito
2044 3546 2298 3601 consili0“
2343 3546 2442 3615 (sic
2477 3545 2744 3610 Reiskius,
2782 3544 3048 3612 Wolfius).
3120 3543 3318 3598 Mirum

407 3638 652 3710 profecto
677 3640 844 3693 etiam
869 3638 987 3703 hoc,
1025 3636 1168 3708 quod
1191 3638 1281 3692 hic
1307 3636 1688 3707 cephalleniae
1713 3636 1920 3691 insulae
1944 3636 2097 3690 notio
2122 3635 2413 3700 omittitur,
2452 3635 2509 3689 in
2532 3650 2689 3703 quam
2716 3650 2779 3688 ex
2806 3633 2931 3688 aliis
2954 3632 3217 3688 orationis
3243 3632 3322 3687 lo-

407 3729 484 3784 cis
507 3730 726 3783 constat
747 3727 1190 3797 Aristophontem
1217 3742 1330 3783 esse
1355 3728 1592 3781 missum.
1657 3726 1790 3781 Fuit
1813 3725 1988 3795 igitur
2014 3740 2129 3779 cum
2158 3724 2291 3779 haec
2326 3722 2491 3777 uerba
2516 3722 2923 3792 corruptissima
2946 3720 3195 3775 haberem
3235 3724 3319 3775 at-

409 3833 511 3886 que
549 3814 931 3886 cephalleniae
974 3832 1166 3871 nomen
1204 3815 1261 3869 in
1299 3815 1376 3869 eis
1412 3815 1582 3869 latere
1621 3818 1885 3884 putarem.
1952 3812 2291 3869 Conieceram
2333 3812 2475 3866 enim
2514 3816 2575 3866 ut
2612 3813 2666 3864 in
2705 3811 2822 3865 loeo
2848 3808 3319 3879 desperatissimo:

411 3904 824 3975 πρεσβευτὴν
863 3904 960 3966 εἰς
988 3904 1464 3973 Κεφαλληνίαν
1501 3898 1898 3969 ἐπέμπομεν.
1966 3901 2014 3956 Α
2033 3917 2138 3970 qua
2164 3901 2486 3965 coniectura,
2512 3917 2672 3969 quam
2698 3899 3035 3954 audaciorem
3060 3914 3175 3952 esse
3199 3914 3323 3952 con-

411 3992 582 4058 fiteor,
600 4010 738 4048 nunc
765 3994 958 4048 melius
975 3997 1252 4063 perspecto
1279 3992 1542 4048 orationis
1563 3991 1816 4061 loquendi
1837 4008 2031 4061 genere
2051 3989 2277 4055 desist03
2297 3990 2399 4043 hoc
2422 3989 2595 4043 solum
2619 3988 2786 4042 etiarn
2808 4002 2947 4041 nunc
2964 3989 3137 4050 teneo,
3162 3986 3220 4039 in
3245 3986 3325 4041 eis

409 4097 546 4150 quae
579 4086 872 4152 sequuntur
908 4099 1016 4137 non
1051 4082 1310 4152 scriptum
1349 4081 1516 4136 misse
1548 4080 1823 4149 γνώριμον
1861 4074 2144 4145 οὖτωσὶ,
2194 4078 2338 4147 quod
2373 4078 2545 4132 latine
2588 4076 2723 4141 „sic“
2766 4076 2856 4130 uel
2898 4073 3134 4140 „obiter“
3176 4076 3321 4143 (nos-

405 4174 580 4225 trum:
625 4188 757 4235 „nur
779 4188 839 4225 so
865 4170 1000 4225 oben
1023 4170 1178 4238 hin“)
1216 4170 1660 4239 interpretantur,
1700 4169 1824 4223 sed:
1866 4166 2115 4237 τουτῳΐ
2139 4167 2192 4223 h.
2218 4184 2264 4222 e.
2298 4165 2697 4221 Zenothemidi:
2736 4164 2838 4219 hoc
2874 4164 2921 4216 si
2958 4164 3227 4233 acceperis
3264 4164 3321 4217 in

403 4262 658 4328 promptu
695 4261 779 4314 est
816 4275 909 4313 cur
943 4258 1278 4329 Aristophon
1313 4276 1436 4313 mox
1472 4259 1789 4313 societatem
1842 4258 2033 4312 inierit
2078 4272 2196 4311 cum
2247 4253 2349 4308 hoc
2384 4252 2640 4309 Demonis
2685 4252 3013 4307 aduersario.
3091 4249 3163 4317 ⁸⁴)
3199 4252 3233 4321 β
3268 4252 3319 4307 8.

411 4344 480 4416 ⁸⁶)
519 4347 554 4402 1.
593 4347 630 4401 l.
669 4346 836 4401 πάλιν
869 4348 1008 4415 μετὰ
1042 4347 1154 4401 ταῖν
1185 4346 1601 4401 Μασσαλιωτῶν
1637 4347 1747 4400 τῶν
1783 4346 1882 4400 τοῦ
1917 4340 2275 4414 Ἡγεστράτου
2310 4343 2577 4397 πολιτῶν·
2616 4342 2811 4395 mirum
2848 4344 2934 4395 est
2969 4356 3059 4394 eos
3096 4354 3201 4393 non
3228 4356 3321 4409 po·

405 4433 512 4489 tius
549 4434 950 4491 Zenothemidis
987 4452 1146 4505 quam
1183 4436 1518 4505 Hegestrati‚
1555 4435 1648 4504 qui
1684 4436 1928 4489 mortuus
1968 4436 2067 4497 est,
2106 4434 2249 4488 ciues
2285 4431 2568 4487 nominari.

2930 4536 2963 4588 2
