3876 5242
1839 133 2276 196 -20...

593 321 960 410 ἀχθόμενος
1017 323 1136 409 μὲν
1193 323 1272 408 νὴ
1335 323 1452 392 τὸν
1507 327 1639 392 Δία
1691 326 1798 391 καὶ
1853 323 2087 402 θεοὺς,
2150 322 2675 411 ἀναγκαζόμενος
2728 325 2825 394 δέ·
2902 325 3075 393 ἔστιν
3122 323 3543 414 ἐργαστήρια

593 445 945 527 μοχθηρῶν
991 436 1362 526 ἀνθρώπων
1409 438 1893 527 συνεστηκότων
1942 441 2011 508 ἐν
2054 445 2144 531 τῷ
2196 445 2519 524 Πειραιεῖ·
2568 440 2687 520 οὓς
2734 439 2875 510 οὐδ’
2923 437 3105 528 ὑμεῖς
3158 439 3537 528 ἄγνοὴσετε

595 553 841 634 ἰδόντες
875 558 1056 640 (εἰεί)
1109 555 1176 623 ἐκ
1219 553 1471 624 τούτων
1509 597 1578 605 —-
1621 553 1914 642 ἀτύχημα
1963 553 2160 624 οὐδὲν
2194 555 2456 624 ἔλαττον
2488 560 2543 624 εἰ
2589 553 2733 624 οῖόν
2777 555 2826 624 τ’
2876 561 3095 640 εἰπεῖν,
3144 555 3540 644 ἀτυχήσαν-

593 696 696 749 τες
741 669 786 756 ἢ
829 669 902 737 τὸ
951 671 1014 751 ἐξ
1063 668 1260 758 ἀρχῆς
1305 679 1617 758 πονηροῖς
1664 667 2045 754 ἀνθρώποις
2092 675 2397 757 συμμῖξαι
2422 693 2435 707 ·
2488 664 2679 752 οὗτος
2724 669 2761 742 ό
2794 675 3115 760 πεμφθεὶς
3158 670 3281 759 ὑφ’
3322 670 3543 761 ἡμῶν.

591 785 1062 872 Ἀριστοφῶν
1109 786 1318 872 ὄνομα
1367 785 1562 878 αὐτῷ,
1614 785 1688 865 ὃς
1733 789 1839 854 καὶ
1883 787 1963 855 τὰ
2008 791 2129 856 τοῦ
2176 792 2636 868 Μικκαλίωνος
2680 787 3025 875 πράγματα
3082 787 3543 876 ἐσκευώρηται

597 907 823 988 (ταῦτα
871 903 995 988 γὰρ
1042 909 1166 970 νῦν
1213 901 1566 990 α’κούομεν)
1616 901 2061 990 ἠργολάβηκεν
2117 901 2315 982 αὐτὸς
2368 906 2475 972 καὶ
2538 902 3037 992 κατεπήγγελται
3092 909 3351 972 τουτωῒ
3410 909 3546 972 καὶ

596 1019 788 1097 ὅλως
846 1019 1058 1086 ἐστὶν
1124 1014 1160 1086 ό
1219 1017 1476 1087 πάντα
1545 1019 1908 1106 πράττων
1979 1010 2240 1098 οὗτος·
2313 1015 2412 1088 ὁδὶ
2472 1019 2542 1088 δὲ
2600 1020 2877 1106 ἅσμενος
2938 1019 3225 1090 δέδεκται
3296 1027 3541 1090 ταῦτα.

599 1136 835 1202 Deinde
891 1138 928 1220 ἐ
986 1139 1106 1202 24:
1171 1134 1398 1222 τέχνην
1455 1133 1512 1204 δ’
1571 1133 1930 1204 ἀκούσεσθε
1986 1140 2103 1202 τοῦ
2166 1141 2383 1221 σοφοῦ
2427 1142 2547 1204 τοῦ
2592 1142 2797 1204 ταῦτα
2850 1133 3061 1204 πάντα
3108 1135 3549 1206 συντεθεικό-

600 1276 740 1329 τος,
785 1256 906 1318 τοῦ
947 1248 1576 1338 Ἀριστοφῶντος.
1671 1254 1827 1320 Vide
1876 1255 1948 1318 ut
1992 1273 2139 1336 prae
2186 1253 2619 1338 indignatione
2676 1273 2901 1321 nomeu
2948 1255 3081 1320 eius
3140 1255 3237 1320 vix
3306 1255 3544 1328 elidat.

773 1370 918 1434 lam'
953 1369 1210 1436 attende
1257 1389 1560 1454 quaenam
1593 1370 1828 1435 fuerint
1875 1369 2152 1436 facinora
2198 1389 2234 1433 a
2280 1372 2559 1436 monstro
2604 1371 2715 1434 illo
2758 1370 3212 1436 immanissimo
3258 1373 3539 1456 excogi-

597 1485 752 1564 tata,
802 1484 964 1568 quod
996 1486 1369 1567 perobscure
1403 1485 1632 1552 dicitur
1677 1485 1961 1551 officinae
1993 1485 2202 1551 nescio
2236 1485 2410 1552 cuius
2440 1489 2794 1570 μοχθηρῶν
2838 1481 3213 1570 ἀνθρώπων
3246 1483 3325 1552 ἐν
3368 1491 3534 1552 Πει-

595 1605 766 1682 ραιεῖ
807 1601 1020 1666 fuisse.

1175 1713 1365 1795 ‘Quid
1414 1717 1669 1800 dignum
1719 1718 1895 1782 tanto
1942 1717 2104 1782 feret
2148 1717 2250 1782 hic
2296 1717 2633 1799 promissor
2678 1717 2907 1784 hiatu?

773 1833 844 1896 In
886 1833 922 1914 ἓ
963 1834 1042 1896 12
1090 1835 1378 1897 narratur
1407 1831 1565 1897 hoc:
1617 1832 2072 1914 Aristophonte
2118 1832 2419 1898 suadente
2464 1833 2865 1900 Zenothemis
2910 1833 3193 1898 decernit
3235 1833 3540 1900 frumen-

597 1948 734 2012 tum
781 1948 904 2012 sibi
949 1947 1298 2026 uindicare,
1362 1967 1480 2030 quo
1539 1948 1652 2013 sub
1705 1948 1967 2043 pignore
2014 1947 2395 2032 Hegestrato
2440 1949 2770 2032 pecuniam
2816 1949 3137 2014 mutuatus
3184 1950 3288 2014 sit.
3396 1949 3543 2031 Qua

594 2066 659 2129 in
706 2083 770 2128 re
817 2063 1087 2145 turpiter
1133 2063 1257 2128 sibi
1303 2063 1726 2129 contradicere
1773 2065 2085 2130 oratorem
2134 2083 2319 2147 supra
2364 2065 2489 2130 iam
2502 2061 2589 2150 ⁵⁹)
2642 2065 3018 2144 monuimus,
3066 2084 3209 2130 cum
3254 2083 3333 2132 ex
3368 2067 3411 2149 ἕ
3455 2067 3540 2131 16

593 2179 940 2247 necessario
1009 2181 1490 2263 consequeretur
1557 2181 1676 2246 hoc
1733 2182 1860 2246 iam
1922 2181 2123 2246 multo
2190 2181 2527 2263 antequam
2583 2179 2965 2262 Aristophon
3032 2181 3537 2264 superuenisset,

595 2296 760 2379 ipsos
809 2295 1196 2362 machinatos
1245 2313 1379 2362 esse
1429 2296 1836 2363 Zenothemin
1883 2297 1951 2362 et
1994 2297 2465 2381 Hegestratum.
2558 2295 2855 2379 Superest
2898 2297 2936 2380 g
2986 2298 3092 2375 24,
3138 2296 3207 2362 in
3252 2315 3387 2380 qua
3434 2297 3539 2363 di-

595 2411 758 2476 citnr
802 2410 1188 2494 Aristophon
1242 2431 1366 2476 una
1421 2430 1560 2477 cum
1607 2411 2054 2478 Zenothemide
2101 2412 2363 2478 Protum
2410 2413 2483 2476 ut
2528 2431 2565 2476 a
2608 2412 2884 2478 Demone
2931 2412 3225 2479 deficeret
3278 2412 3535 2480 sollici-

599 2529 788 2593 tasse.
883 2527 999 2592 His
1054 2526 1291 2593 duobus
1348 2528 1504 2593 locis
1551 2529 1822 2612 exceptis
1870 2529 2045 2594 nulla
2089 2547 2349 2612 usquam
2395 2528 2579 2595 huius
2625 2528 2894 2596 hominis
2940 2529 3203 2606 menti0‚
3254 2537 3329 2594 ut
3380 2549 3535 2595 cum

598 2645 784 2727 poeta
828 2644 1204 2728 respondere
1247 2645 1472 2711 liceat:

1262 2760 1632 2827 Parturiunt
1678 2763 1942 2839 montes,
1994 2765 2285 2827 nascetur
2328 2761 2631 2827 ridiculus
2676 2780 2835 2829 mus.

778 2877 981 2943 Tanta
1025 2897 1173 2944 uero
1221 2879 1464 2943 oratore
1508 2878 1671 2943 teste
1719 2878 1908 2943 etiam
1958 2880 2293 2960 antequam
2322 2878 2837 2962 Aristophontem
2884 2880 3266 2958 conueniret,
3316 2880 3529 2949 Zeno-

599 2994 898 3061 themidis
947 2995 1012 3059 et
1055 2995 1292 3061 astutia
1340 2996 1404 3059 et
1448 2993 1710 3077 perfidia
1770 2994 2003 3071 fuerat,
2066 2986 2139 3058 ut
2196 2993 2667 3076 Aristophontis
2735 3013 2997 3078 persona
3058 3014 3197 3061 cum
3254 2996 3531 3062 ridicula

599 3110 892 3176 uideatur
944 3112 1197 3194 propter
1249 3110 1459 3177 fucum
1519 3110 1851 3176 uerborum
1899 3128 2020 3193 quo
2065 3108 2350 3176 inuoluta
2396 3112 2493 3176 est
2536 3112 2673 3176 tum
2720 3129 3101 3194 superuacua
3148 3114 3233 3178 sit
3263 3114 3531 3195 propter

553 3312 560 3319 ,
601 3227 983 3310 paucitatem
1030 3244 1264 3306 eorum,
1313 3245 1470 3309 quae
1517 3226 1720 3311 egisse
1764 3226 2012 3291 dicitur.
3336 3202 3345 3210 ⁸

1962 3417 2147 3502 XII.

779 3582 1044 3665 Reliqua
1088 3584 1238 3647 sunt
1283 3583 1562 3649 extrema
1607 3584 1907 3649 orationis
1954 3580 2270 3667 uerba.⁶⁰)
2364 3584 2487 3649 Per
2533 3600 2747 3649 omnes
2795 3583 2943 3649 deos
2987 3584 3142 3648 item
3187 3585 3259 3648 ut
3306 3584 3371 3649 in
3420 3584 3522 3649 in-

600 3700 772 3765 sulsa
817 3698 925 3764 illa
958 3699 1033 3763 de
1067 3698 1523 3781 Aristophonte
1570 3701 1924 3766 narratione
1973 3702 2185 3765 iurans
2232 3719 2297 3765 se
2344 3719 2494 3765 uera
2525 3698 2730 3764 dicere
2777 3698 2969 3764 refert
2998 3698 3243 3765 Demon
3289 3699 3521 3765 adiisse

601 3834 734 3881 sese
781 3814 1071 3897 precibus
1119 3816 1611 3881 Demosthenem
1655 3817 2075 3900 propinquum
2122 3836 2323 3895 suum,
2371 3834 2449 3881 ne
2497 3816 2618 3880 sibi
2664 3816 2729 3881 in
2774 3814 2895 3881 hoc
2924 3814 3201 3899 periculo
3250 3815 3520 3881 deesset.

600 3932 912 3997 Abnuisse
956 3930 1138 3997 illum
1184 3933 1469 4014 quamuis
1515 3932 1829 3997 inuitum:
1887 3952 1960 3997 ex
2008 3950 2127 4015 quo
2174 3931 2341 3997 enim
2398 3930 2849 4015 rempublicam
2916 3930 3383 4013 capessiuisset,
3438 3948 3517 3993 ne

601 4048 796 4114 ullam
843 4048 1090 4131 quidem
1138 4067 1203 4114 se
1253 4068 1503 4115 causam
1549 4050 1862 4132 priuatam
1908 4048 2283 4133 suscepisse;
2331 4047 2543 4132 pergit
2589 4046 2813 4113 deinde
2861 4048 2994 4113 sic:
3044 4041 3207 4113 ἀλλὰ
3252 4046 3361 4113 καὶ
3403 4049 3518 4132 τῆς

601 4166 922 4242 πολιτείας
969 4160 1168 4250 αὐτῆς
1213 4161 1292 4230 τὰ
1337 4166 1608 4231 τοιαῦτα
1657 4162 1974 4249 ἐξέστηκα.
2070 4164 2309 4245 Quibus
2355 4165 2566 4230 uerbis
2623 4165 2676 4230 si
2733 4164 2839 4247 qui
2894 4182 3111 4231 sensus
3166 4164 3366 4243 inest,
3420 4164 3515 4229 ita

1070 4311 1134 4319 -—

746 4394 818 4465 ⁵⁹)
856 4414 906 4467 p.
947 4399 994 4454 7.
1073 4396 1144 4467 ⁶⁰)
1182 4400 1214 4465 ξ
1251 4399 1314 4453 31
1359 4400 1415 4452 et
1452 4398 1537 4453 32.
