3876 5242
1573 199 1832 264 ...23
1929 233 2004 244 Ν

319 394 744 460 Athenienses
783 393 995 472 fuisse,
1043 413 1226 478 quem
1265 395 1488 458 notum
1531 395 1629 459 est
1671 393 1735 457 in
1779 393 2067 458 contione
2096 391 2326 472 populo
2356 392 2625 456 suasisse
2656 392 2729 455 ut
2756 389 3239 454 Demosthenem

321 528 394 575 ex
441 509 660 576 exsilio
706 511 1052 576 reuocaret.

503 624 628 691 Sed
673 625 1120 708 qualiscunque
1164 624 1408 690 Demon
1460 623 1568 691 ille
1615 624 1765 701 fuit,
1837 643 1961 689 non
2020 627 2168 705 puto
2224 641 2499 704 unquam
2562 640 2935 705 quemquam
2996 619 3071 684 de
3132 639 3242 702 pe-

323 741 527 818 cunia,
575 759 760 824 quam
791 743 1073 807 mutuam
1107 741 1402 818 dedisset,
1451 741 1642 806 uerba
1673 739 1876 805 facere
1920 758 2143 804 ausum
2174 757 2309 804 esse
2350 738 2515 822 apud
2544 739 2779 804 iudices
2806 739 3241 814 Atheniense&

322 857 472 940 quin
519 856 800 922 tabulam
847 857 950 921 uel
995 858 1414 942 syngrapham
1461 856 1526 920 in
1576 875 1698 939 qua
1755 856 2063 938 scriptum
2109 854 2173 919 id
2223 856 2484 933 extaret,
2544 855 2607 919 id
2666 855 2829 938 quod
2874 854 3239 937 primarium

323 973 462 1038 erat
503 971 571 1037 in
615 971 732 1037 lite
779 973 1175 1052 mercatoria,
1233 973 1488 1037 recitari
1539 971 1805 1038 iuberet.
1885 972 2037 1036 Eius
2079 973 2292 1036 autem
2351 970 2589 1036 nullam
2652 970 3033 1036 mentionem
3088 969 3243 1046 fieri,

325 1105 444 1154 nec
491 1087 705 1156 adesse
751 1106 890 1152 eam
935 1106 1050 1154 nec
1090 1087 1386 1152 amissam
1435 1105 1604 1164 esse,
1651 1086 1833 1154 ualde
1867 1086 2269 1169 suspitiosum
2302 1088 2421 1151 est.
2502 1086 2677 1152 Idem
2708 1085 3010 1152 iudicium
3041 1085 3245 1150 feren-

330 1203 480 1268 dum
541 1201 620 1268 de
679 1203 896 1268 multis
959 1203 1086 1269 illis
1145 1202 1624 1268 difficultatibus
1679 1219 1830 1284 quas
1891 1203 2093 1268 inesse
2154 1204 2218 1268 in
2272 1204 2387 1268 hac
2447 1201 2725 1268 oratione
2786 1201 3243 1267 demonstrasse

329 1319 486 1386 mihi
534 1317 784 1395 uideor;
848 1337 1004 1402 quae
1052 1337 1192 1384 cum
1245 1320 1314 1384 in
1371 1337 1520 1383 uera
1581 1336 1770 1384 causa
1815 1319 2007 1384 etiam
2056 1320 2107 1382 si
2155 1319 2235 1383 ab
2284 1318 2581 1400 imperito
2624 1319 2834 1384 actore
2880 1316 3097 1383 habita
3140 1317 3245 1391 sit,

326 1433 616 1518 intellegi
659 1437 992 1518 nequeant,
1047 1434 1298 1502 facilem
1344 1437 1557 1500 tamen
1603 1435 1838 1500 habent
1881 1434 2359 1517 explicationem
2408 1435 2474 1497 in
2518 1433 2797 1498 oratione
2842 1451 3059 1516 quam
3099 1431 3247 1496 fin-

329 1549 528 1616 xerit
573 1551 784 1615 homo
832 1569 1090 1616 rerum
1147 1550 1624 1615 iudicialium
1671 1552 1746 1614 et
1803 1550 2445 1615 mercatoriarum
2492 1568 2633 1612 non
2682 1549 2873 1613 satis
2920 1549 3244 1630 peritus,

331 1665 456 1747 qui
489 1683 648 1729 cum
681 1666 761 1729 in
791 1665 1016 1732 initio
1047 1684 1192 1730 non
1242 1666 1558 1748 illepide
1592 1665 1961 1749 quaedam
2010 1668 2145 1730 aut
2190 1683 2274 1731 ex
2319 1665 2508 1730 aliis
2556 1665 2765 1729 ueris
2810 1664 3089 1730 litibus
3118 1663 3247 1729 de—

331 1779 841 1863 prompsisset
883 1783 1020 1846 aut
1059 1782 1478 1847 inuenisset
1522 1782 1702 1864 ipse,
1749 1799 1889 1864 quo
1921 1781 2221 1865 longius
2252 1781 2838 1865 progrederetur
2884 1797 2965 1844 eo
3013 1780 3247 1844 maio—

331 1897 536 1962 ribus
581 1895 1104 1978 impediretur
1149 1896 1788 1963 difficultatibus.
1881 1898 2052 1980 Ipse
2108 1899 2357 1963 autem
2417 1896 2793 1962 falsarius
2850 1893 2987 1959 ille
3034 1895 3249 1978 igno-

329 2012 662 2077 rantiam
705 2031 920 2078 suam
967 2013 1188 2096 atque
1233 2032 1474 2079 rerum
1526 2014 2011 2080 iudicialium
2053 2011 2519 2095 imperitiam
2564 2013 2904 2076 metuens
2950 2028 3036 2075 ne
3082 2028 3249 2092 pro-

336 2127 570 2192 deret
633 2127 1115 2193 obuoluebat
1187 2128 1628 2194 incredibili
1691 2129 1922 2194 turba
1986 2129 2595 2212 syngrapharum
2657 2127 2913 2191 litium
2977 2143 3251 2208 perso·
3310 2135 3313 2140 '

337 2259 626 2308 narum:
687 2245 824 2309 hoc
887 2245 1092 2309 enim
1154 2244 1322 2310 fuco
1381 2245 1584 2310 facto
1648 2245 1987 2326 speciem
2044 2242 2413 2326 quandam
2469 2242 2852 2308 doctrinae
2908 2245 2987 2306 et
3047 2241 3251 2306 ueri-

337 2359 527 2424 tatis
589 2377 668 2423 se
734 2360 1099 2442 opusculo
1163 2379 1298 2425 suo
1347 2359 1698 2425 daturum
1761 2358 2145 2442 sperabat.
2240 2358 2343 2424 Sic
2388 2361 2463 2422 ut
2506 2357 3023 2440 Aristophontem
3072 2375 3252 2421 suum

332 2474 514 2538 nobis
557 2474 870 2556 probaret,
921 2477 1170 2557 praeter
1210 2495 1352 2541 eum
1393 2475 1637 2540 inuenit
1675 2475 1852 2540 nobis
1893 2475 2087 2540 etiam
2119 2473 2553 2540 Miccalionem
2591 2472 2918 2556 quendam,
2968 2471 3069 2536 cui
3096 2471 3253 2536 item

332 2591 404 2657 ut
449 2589 889 2655 Zenothemidi
947 2591 1116 2657 uiam
1173 2591 1598 2657 machinarum
1659 2591 2041 2657 montrasset
2062 2587 2187 2673 ⁶⁶);
2259 2607 2401 2655 eum
2448 2586 2631 2654 credo
2677 2606 2797 2653 non
2844 2587 3045 2671 magis
3089 2587 3255 2653 inter

333 2706 512 2771 uiuos
571 2705 764 2771 fuisse
819 2724 1006 2789 quam
1065 2707 1583 2789 Aristophontem
1649 2708 1874 2790 ipsum.
1968 2705 2319 2772 Obsecutus
2372 2723 2509 2770 sum
2572 2704 2639 2769 in
2700 2706 2791 2767 eis
2847 2721 3003 2786 quae
3068 2720 3255 2785 supra

337 2820 462 2887 dixi
482 2818 569 2907 87)
606 2820 922 2905 Philippio
968 2821 1710 2905 censenti‘Syracusanos
1750 2822 2133 2889 feneratores
2171 2840 2295 2887 una
2334 2838 2493 2886 naue
2534 2840 2674 2885 cum
2716 2820 2940 2885 ceteris
2972 2820 3255 2885 Athenas

335 2937 550 3021 nectos
595 2955 753 3015 esse,
802 2936 966 3020 quod
1011 2936 1104 3002 ita
1147 2938 1476 3020 acceptum
1523 2937 1716 3003 uelim
1762 2940 1835 3003 ut
1879 2937 1930 3003 si
1979 2956 2129 3003 uera
2169 2940 2335 3003 esset
2384 2954 2568 3003 causa
2620 2935 2687 3000 id
2738 2938 2905 3001 esset
2964 2936 3254 3001 obtinen—

335 3050 506 3117 dum.
556 3050 788 3118 Contra
835 3052 887 3117 si
931 3051 1082 3117 ficta
1127 3055 1223 3118 est
1269 3054 1488 3131 oratio,
1536 3052 1702 3135 quod
1747 3054 1926 3118 nobis
1972 3072 2335 3135 persuasum
2381 3054 2499 3131 est,
2546 3052 2698 3118 licet
2732 3052 2924 3117 etiam
2956 3053 3252 3128 statuere,

338 3184 480 3233 cum
525 3167 590 3232 in
637 3167 882 3233 itineris
927 3164 1280 3233 narratione
1327 3186 1640 3251 nunquam
1687 3170 2253 3234 commemorentur
2290 3168 2406 3247 illi,
2456 3169 2765 3234 oratorem
2813 3167 2929 3233 hoc
2973 3166 3091 3232 sibi
3139 3165 3254 3230 fin-

341 3282 498 3347 xisse
541 3282 763 3366 postea
806 3280 1057 3348 demum
1105 3300 1239 3349 esse
1298 3283 1377 3348 ab
1436 3282 1657 3348 amicis
1705 3283 1988 3348 Athenas
2052 3283 2429 3361 aduocatos;
2493 3284 2610 3348 hoc
2669 3283 2881 3347 autem
2942 3282 2997 3346 si
3054 3279 3257 3346 uoluit

339 3398 620 3482 scriptor,
669 3398 822 3463 fecit
867 3398 932 3463 id
977 3398 1310 3465 immemor
1356 3400 1512 3465 satis
1559 3398 1729 3484 longi
1775 3400 2021 3466 itineris
2062 3418 2187 3482 quo
2234 3398 2577 3482 Syracusae
2624 3399 2704 3464 ab
2752 3396 3023 3463 Athenis
3070 3414 3253 3479 sepa-

338 3516 574 3593 rantur,
625 3514 958 3580 immemor
1003 3515 1194 3580 etiam
1241 3516 1418 3597 parui
1463 3516 1770 3598 temporis
1827 3516 2015 3599 spatii
2072 3514 2583 3580 mercatoriamm
2636 3512 2865 3578 litium.
2960 3511 3133 3577 Idem
3194 3512 3254 3576 ei

337 3628 636 3695 accidisse
701 3627 952 3695 uidetur
1013 3630 1076 3694 in
1125 3631 1162 3714 g
1217 3631 1328 3708 16,
1389 3631 1498 3695 ubi
1560 3630 1790 3696 Protus
1850 3634 2149 3713 prouocat
2210 3628 2289 3695 ad
2345 3628 2763 3714 Syracusanos
2826 3628 3255 3713 magistratus.

517 3744 605 3809 At
653 3744 821 3810 enim
850 3744 1200 3830 Philippius
1246 3748 1404 3811 hanc
1449 3764 1656 3811 meam
1702 3746 2081 3812 sententiam
2128 3747 2253 3811 iam
2284 3745 2454 3830 prius
2486 3764 2671 3830 quam
2700 3744 3149 3829 proponeretur
3166 3739 3254 3826 ⁸⁸)

337 3858 591 3926 uidetur
637 3860 1050 3945 redarguisse.
1145 3860 1543 3936 obscuritas,
1593 3863 1833 3946 inquit,
1895 3866 1963 3927 et
2007 3882 2108 3928 res
2153 3880 2383 3945 paruae
2430 3860 2863 3926 adcumulatae
2926 3878 3052 3925 non
3110 3860 3257 3923 sunt

493 4178 565 4249 ⁸⁰)
601 4178 634 4247 g
674 4180 758 4233 11.
835 4176 908 4247 ⁸⁷)
955 4196 1008 4249 p.
1049 4180 1098 4234 5.
1195 4178 1266 4249 ⁸⁸)
1303 4196 1352 4249 p.
1391 4181 1498 4235 593
1535 4180 1673 4235 dicit
1719 4180 1764 4235 Ι.
1803 4179 2199 4235 Heri-mannum
2246 4178 2305 4233 in
2349 4178 2602 4234 extremis
2639 4177 2819 4233 uerbis
2857 4178 3258 4233 dissertationis

345 4284 472 4323 snae
509 4284 572 4323 eo
609 4266 871 4323 inclinare
905 4271 968 4322 nt
1003 4269 1306 4323 orationem
1343 4267 1598 4325 aduersus
1636 4268 1986 4325 Zenothemin
2023 4286 2120 4340 pro
2156 4271 2406 4339 suspecta
2440 4266 2683 4323 haberet.
2759 4266 2952 4322 Nescio
2989 4282 3059 4322 au
3094 4266 3259 4322 nimis

344 4356 604 4427 promer-it
635 4356 964 4413 Heri-manni
999 4356 1182 4423 uerba,
1220 4358 1277 4412 in
1315 4357 1510 4428 quibus
1545 4359 1648 4414 hoc
1681 4358 1855 4415 solum
1893 4359 2067 4414 inesse
2104 4356 2293 4414 uideo:
2332 4374 2439 4412 non
2476 4356 2649 4412 uideri
2686 4372 2801 4411 eam
2841 4372 2875 4410 a
2908 4355 3047 4411 bono
3086 4360 3145 4411 et
3166 4371 3257 4426 pe-

343 4445 456 4498 rito
493 4442 763 4499 causidico
798 4460 866 4500 ne
902 4444 1028 4501 dum
1065 4462 1098 4499 a
1133 4446 1498 4502 Demosthene
1535 4448 1902 4517 compositam.
