3876 5242
587 372 853 439 insulae.
947 375 1088 439 Lite
1134 373 1362 440 cecidit
1403 375 1804 441 Zenothemis
1850 374 2327 442 decernentibus
2372 378 2501 442 illis
2548 395 2771 444 nauem
2802 379 3107 452 Athenas,
3156 379 3319 444 unde
3354 397 3499 461 pro-

586 487 754 552 fecta
799 493 988 566 esset,
1031 488 1238 554 redire
1286 487 1638 573 debere.⁸⁶)
1731 490 1881 554 Veri
1926 491 2133 554 simile
2190 494 2289 557 est
2332 493 2490 558 hanc
2544 494 2921 558 sentent-iam
2980 493 3173 558 latam
3232 513 3368 558 esse
3424 513 3499 560 ex

587 603 886 668 Damonis
901 621 1006 668 *ac
1049 603 1226 668 Proti
1281 604 1640 688 syngrapha
1659 651 1675 682 ‚
1734 605 1910 670 cuius
1966 607 2392 689 apographum
2446 608 2511 672 in
2568 608 3003 674 testimoninm
3070 608 3496 674 adhiberetur.

763 718 960 784 Putat
990 719 1340 801 Philippius
1373 721 1782 786 Zenothemin
1831 721 1924 786 ab
1971 721 2305 786 Athenis
2350 723 2471 786 iter
2522 725 2804 788 auertere
2852 723 3125 790 uoluisse
3173 727 3343 788 metu
3390 723 3499 788 ad-

586 834 840 899 ductum
873 852 952 899 ne
983 834 1261 900 Demone
1309 836 1376 899 et
1419 835 1607 900 Proto
1654 837 1987 900 accusante
2034 837 2111 900 ab
2150 835 2645 902 Atheniensibus
2692 837 3003 902 iudicibus
3050 839 3499 906 condemnare-

585 951 709 1014 tur.
788 949 924 1014 Hoc
973 950 1223 1014 etiamsi
1268 949 1592 1027 concedas,
1639 950 1742 1014 uix
1790 951 2185 1033 perspicitur,
2235 970 2343 1016 cur
2386 951 2804 1018 Massiliam
2852 971 3099 1018 cursum
3146 971 3184 1017 a
3230 953 3496 1036 Cephal-

584 1064 753 1130 lenia
799 1063 1070 1148 dirigere
1115 1065 1406 1130 uoluerit.
1499 1063 1635 1131 Hoc
1672 1067 1743 1130 ut
1788 1065 2043 1144 faceret,
2088 1067 2331 1148 inquiet
2377 1066 2640 1132 fortasse
2689 1069 3017 1150 quispiam,
3079 1069 3497 1134 adhortaban-

585 1182 690 1244 tur
735 1197 878 1246 eum
925 1181 1211 1246 uectores
1245 1179 1496 1261 quidam
1543 1180 1710 1244 ciues
1741 1179 2189 1244 Massilienses,
2238 1179 2465 1246 Audio,
2536 1181 2661 1246 Sed
2707 1201 2777 1246 ex
2812 1181 3125 1265 Charybdi
3169 1185 3497 1248 incidimus

555 1295 650 1386 ,5¹¹
696 1293 987 1378 Scyllam.
1083 1294 1206 1375 Qui
1265 1295 1434 1360 enim
1495 1294 1920 1360 Massilienses
1984 1294 2304 1377 Syracusis
2362 1297 2520 1361 hanc
2576 1315 2799 1362 nauem
2858 1297 3373 1377 conscenderant,
3439 1301 3497 1363 ei

588 1411 737 1491 quin
781 1409 1066 1474 Athenas
1111 1410 1216 1474 uel
1273 1409 1339 1474 in
1387 1409 1717 1474 Graeciam
1779 1409 2008 1475 saltem
2068 1428 2137 1474 se
2194 1410 2471 1476 conferre
2530 1412 2845 1477 noluerint
2912 1413 3186 1478 dubitari
3248 1417 3495 1495 nequit:

587 1524 800 1608 ecquis
844 1524 1044 1608 igitur
1089 1543 1300 1590 eorum
1346 1527 1677 1608 postquam
1725 1541 1868 1590 orae
1915 1523 2215 1589 Graeciae
2262 1525 2841 1608 adpropinquarunt
2901 1528 3114 1594 subito
3170 1529 3495 1594 consilium

585 1641 862 1705 mutasse
907 1638 1222 1722 putandus
1270 1642 1370 1705 est
1412 1641 1488 1704 ut
1531 1658 1749 1704 rursus
1795 1638 2133 1722 Syracusas
2193 1641 2357 1705 unde
2404 1643 2643 1706 exierat
2700 1661 2989 1707 reuersus
3044 1643 3265 1708 urbem
3322 1643 3491 1708 illam

583 1756 1053 1838 praeteruectus
1110 1755 1176 1820 in
1233 1754 1507 1820 Galliam
1567 1755 1756 1838 longo
1819 1755 2044 1820 itinere
2104 1755 2507 1821 reueheretur
2530 1760 2561 1820 P
2652 1757 2753 1821 An
2809 1757 3135 1822 credamus
3191 1757 3517 1822 desiderio·

583 1870 758 1937 urbis
803 1871 1044 1952 patriae
1091 1871 1299 1936 subito
1347 1888 1453 1936 eos
1499 1870 1795 1954 flagrasse
1821 1873 1852 1934 P

759 1986 894 2050 Iam
945 1988 1212 2078 quantus
1259 1989 1477 2068 stupor
1524 1985 1993 2052 Zenothemidis
2041 1985 2105 2050 in
2153 1986 2561 2070 argumentis,
2622 2003 2777 2068 quac
2825 2004 2935 2068 pro
2981 1987 3206 2052 itinere
3270 1988 3497 2054 Massi-

583 2101 735 2165 liam
783 2100 1203 2165 conuertendo
1248 2103 1314 2166 in
1346 2101 1462 2166 lite
1494 2103 1632 2183 ipsa
1663 2103 1959 2182 protulit:
2008 2099 2213 2183 λέγων
2260 2095 2347 2176 ὥς
2394 2096 2593 2176 αὐτός
2636 2123 2701 2164 τε
2748 2099 2847 2164 καὶ
2899 2098 2977 2165 τὰ
3026 2098 3289 2186 χρήματ’
3338 2101 3493 2166 ἐκεῖ·

582 2213 705 2280 nstv
751 2213 902 2296 ἐστι,
947 2215 1060 2280 καὶ
1102 2211 1139 2280 ὁ
1183 2211 1550 2299 ναύκληρος
1595 2218 1692 2300 εἴη
1737 2216 1844 2280 καὶ
1891 2217 1957 2280 οἱ
1999 2213 2439 2292 δεδανεικότες
2484 2215 3075 2301 Μασσαλιῶται.37)
3166 2217 3244 2284 Se
3290 2223 3495 2302 ipsum

583 2330 1041 2397 Massiliensem
1091 2331 1282 2397 dicit:
1331 2332 1450 2396 hoc
1497 2350 1736 2409 uerum,
1802 2332 1910 2397 sed
1956 2331 2115 2396 nihil
2160 2333 2391 2397 attinet
2444 2333 2505 2396 in
2553 2335 2897 2397 mercatore
2960 2335 3025 2398 et
3080 2333 3195 2400 lite
3258 2353 3496 2400 merca-

583 2447 763 2512 toria.
857 2446 1191 2512 Dominum
1253 2448 1434 2512 nauis
1503 2465 1638 2512 esse
1706 2446 1902 2529 (imoz
1974 2446 2263 2522 suisse3
2320 2447 2733 2530 Hegestratus
2795 2448 2960 2512 enim
3024 2448 3157 2513 uita
3203 2448 3495 2524 decessit)

583 2561 1082 2641 Massiliensem;
1129 2563 1290 2646 quod
1341 2563 1490 2627 item
1538 2561 1895 2628 absurdum.
1967 2561 2301 2627 Pecuniam
2354 2580 2425 2626 ex
2470 2561 2752 2627 Massilia
2797 2563 3067 2641 uenisse,
3114 2563 3496 2629 feneratores

583 2678 749 2762 ipsos
795 2698 930 2745 esse
978 2679 1438 2771 Massilienses:
1487 2678 1605 2743 hoc
1650 2696 1798 2743 sane
1847 2696 2111 2752 nouum;
2157 2678 2481 2759 pecuniam
2533 2678 2727 2757 enim,
2788 2696 2898 2759 pro
2945 2698 3065 2760 qua
3110 2680 3289 2744 nauis
3336 2680 3494 2745 obli·

581 2796 733 2878 gata
764 2795 922 2873 erat,
971 2794 1422 2858 Atheniensem
1455 2792 1650 2858 fuisse
1698 2810 1884 2874 supra
1931 2794 2485 2856 commemoratum
2534 2793 2661 2869 est;
2708 2793 3034 2873 pecuniam
3078 2796 3289 2857 autem
3336 2812 3493 2870 eam,

583 2930 692 2993 pro
740 2928 860 2993 qua
915 2928 1026 2991 per
1089 2909 1301 2974 dolum
1357 2908 1533 2973 Proti
1587 2908 1974 2973 frumentum
2034 2909 2171 2971 erat
2230 2907 2709 2989 oppigneratum
2732 2954 2747 2984 ‚
2796 2906 3245 2989 Syracusanam
3302 2908 3491 2973 fuisse

584 3026 878 3091 uidimus.
955 3025 1263 3089 Mentitus
1312 3027 1410 3090 est
1453 3022 1874 3101 ZenothemiS,
1920 3023 2165 3105 inquiet
2211 3021 2539 3104 quispiam,
2589 3025 2655 3086 et
2698 3039 2923 3086 nouam
2970 3040 3231 3104 eamque
3278 3023 3493 3106 quin-

585 3143 736 3206 tam
801 3140 878 3205 de
945 3140 1161 3205 eodem
1223 3141 1476 3223 pignore
1535 3138 1955 3222 syngrapham
2013 3136 2119 3202 uel
2181 3136 2505 3202 simulauit
2564 3136 2668 3203 uel
2726 3136 2903 3201 finxit
2966 3136 3321 3220 ingeniosus
3386 3136 3493 3201 ille

587 3255 876 3321 fraudum
935 3254 1244 3335 inuentor,
1305 3273 1460 3337 quae
1518 3253 1836 3319 Massiliae
1884 3272 1920 3318 a
1968 3272 2033 3317 se
2082 3270 2223 3317 cum
2272 3252 2622 3317 feneratore
2668 3252 2869 3344 illius·
2897 3252 3069 3317 urbis
3128 3246 3222 3315 ἐπ’
3280 3246 3496 3335 ἄμφο-

583 3367 944 3454 τερόπλουν
988 3372 1154 3436 esset
1199 3370 1384 3437 sacta.
1463 3369 1554 3434 At
1599 3386 1748 3435 uero
1793 3367 2197 3452 Syracusanis
2243 3366 2397 3448 ipsis
2445 3365 2855 3431 creditoribus
2886 3366 3335 3448 praesentibus,
3389 3368 3494 3449 qui

588 3486 974 3572 syngraphas
1021 3504 1162 3551 cum
1209 3484 1591 3570 Hegestrato
1639 3486 1705 3549 et
1734 3480 2179 3548 Zenothemide
2229 3480 2543 3546 confectas
2589 3499 2800 3545 secum
2848 3482 3183 3560 habebant,
3231 3500 3353 3546 non
3382 3500 3496 3565 po-

582 3604 710 3668 tuit
755 3602 1156 3667 Zenothemis
1201 3601 1336 3665 eius
1381 3600 1628 3683 generis
1673 3597 1997 3663 mendacia
2040 3596 2337 3679 proferre.
2431 3596 2667 3661 Tacent
2712 3600 2918 3663 autem
2970 3594 3338 3680 Syracusani
3398 3598 3494 3662 illi

581 3719 650 3783 in
695 3716 944 3794 iudici0,
993 3717 1168 3799 quasi
1213 3716 1370 3779 haec
1421 3732 1521 3779 res
1579 3712 1660 3777 ad
1718 3733 1784 3778 se
1839 3712 1932 3777 nil
1992 3714 2353 3795 pertineret.
2446 3712 2639 3777 Recte
2702 3712 2898 3797 igitur
2954 3713 3305 3795 Philippius
3370 3732 3490 3777 non

584 3832 872 3916 intellegi
917 3831 1071 3897 dicit
1117 3850 1224 3895 cur
1270 3830 1338 3893 hi
1382 3828 1763 3893 feneratores
1812 3829 1918 3911 qui
1964 3846 2087 3892 una
2132 3828 2526 3893 uehebantur
2572 3846 2687 3892 nec
2732 3832 2842 3894 aut
2886 3831 2950 3894 iu
2996 3829 3221 3893 itinere
3276 3831 3385 3894 aut
3430 3829 3493 3892 in

584 3948 989 4031 Cephallenia
1033 3946 1194 4013 dolis
1243 3943 1704 4011 Zenothemidis
1760 3944 2229 4009 intercesserint
2288 3962 2399 4008 nec
2460 3942 2799 4026 quidquam
2850 3944 3113 4024 egerint,
3162 3946 3495 4023 antequam

582 4064 868 4129 Athenas
913 4061 1254 4127 uenissent.

734 4411 804 4485 ³⁰)
839 4415 872 4481 β
911 4416 943 4467 9
981 4414 1046 4472 cf.
1086 4414 1118 4480 ἓ
1160 4414 1226 4467 14
1261 4412 1495 4467 initium.
1575 4410 1643 4479 ³⁷)
1681 4413 1713 4479 ς
1751 4412 1784 4465 8
1821 4415 2042 4466 extrem.
