<?xml version="1.0" encoding="UTF-8"?>
<!DOCTYPE html PUBLIC "-//W3C//DTD XHTML 1.0 Transitional//EN"
    "http://www.w3.org/TR/xhtml1/DTD/xhtml1-transitional.dtd">
<html xmlns="http://www.w3.org/1999/xhtml" xml:lang="en" lang="en">
 <head>
  <title>
</title>
<meta http-equiv="Content-Type" content="text/html;charset=utf-8" />
  <meta name='ocr-system' content='tesseract 3.04.00' />
  <meta name='ocr-capabilities' content='ocr_page ocr_carea ocr_par ocr_line ocrx_word'/>
</head>
<body>
  <div class='ocr_page' id='page_1' title='image "arnoldihugcomme01huggoog_0006.png"; bbox 0 0 3876 5242; ppageno 0'>
   <div class='ocr_carea' id='block_1_1' title="bbox 716 945 2911 1260">
    <p class='ocr_par' dir='ltr' id='par_1_1' title="bbox 716 945 2911 1260">
     <span class='ocr_line' id='line_1_1' title="bbox 716 945 2911 1046; baseline 0 -2"><span class='ocrx_word' id='word_1_1' title='bbox 716 947 858 1044; x_wconf 84' lang='lat' dir='ltr'>DE</span> <span class='ocrx_word' id='word_1_2' title='bbox 927 945 1474 1044; x_wconf 81' lang='lat' dir='ltr'><strong>ORATIONE</strong></span> <span class='ocrx_word' id='word_1_3' title='bbox 1538 945 2133 1046; x_wconf 85' lang='lat' dir='ltr'><strong>ADVERSVS</strong></span> <span class='ocrx_word' id='word_1_4' title='bbox 2195 945 2911 1045; x_wconf 85' lang='lat' dir='ltr'>ZENOTHEMIN</span> 
     </span>
     <span class='ocr_line' id='line_1_2' title="bbox 1477 1175 2163 1260; baseline -0.003 0"><span class='ocrx_word' id='word_1_5' title='bbox 1477 1175 2163 1260; x_wconf 78' lang='grc' dir='ltr'><strong>ΟΟΜΜΕΝΤΑΤΙΟ.</strong></span> 
     </span>
    </p>
   </div>
   <div class='ocr_carea' id='block_1_2' title="bbox 353 1653 3281 2778">
    <p class='ocr_par' dir='ltr' id='par_1_2' title="bbox 353 1653 3281 2663">
     <span class='ocr_line' id='line_1_3' title="bbox 544 1653 3271 1737; baseline -0 -17"><span class='ocrx_word' id='word_1_6' title='bbox 544 1655 632 1720; x_wconf 90' lang='lat' dir='ltr'>De</span> <span class='ocrx_word' id='word_1_7' title='bbox 691 1655 969 1720; x_wconf 83' lang='lat' dir='ltr'>oratione</span> <span class='ocrx_word' id='word_1_8' title='bbox 1027 1654 1332 1720; x_wconf 82' lang='lat' dir='ltr'>aduersus</span> <span class='ocrx_word' id='word_1_9' title='bbox 1392 1655 1828 1734; x_wconf 85' lang='lat' dir='ltr'>Zenothemin,</span> <span class='ocrx_word' id='word_1_10' title='bbox 1893 1672 2051 1737; x_wconf 82' lang='lat' dir='ltr'>quae</span> <span class='ocrx_word' id='word_1_11' title='bbox 2114 1654 2177 1718; x_wconf 88' lang='lat' dir='ltr'>in</span> <span class='ocrx_word' id='word_1_12' title='bbox 2240 1654 2858 1720; x_wconf 83' lang='lat' dir='ltr'>Demostheniearum</span> <span class='ocrx_word' id='word_1_13' title='bbox 2922 1653 3271 1720; x_wconf 79' lang='lat' dir='ltr'>orationum</span> 
     </span>
     <span class='ocr_line' id='line_1_4' title="bbox 361 1768 3279 1852; baseline -0.001 -16"><span class='ocrx_word' id='word_1_14' title='bbox 361 1769 573 1836; x_wconf 79' lang='lat' dir='ltr'>ordine</span> <span class='ocrx_word' id='word_1_15' title='bbox 617 1770 886 1836; x_wconf 82' lang='lat' dir='ltr'>alterum</span> <span class='ocrx_word' id='word_1_16' title='bbox 934 1770 1000 1836; x_wconf 91' lang='lat' dir='ltr'>et</span> <span class='ocrx_word' id='word_1_17' title='bbox 1043 1769 1432 1834; x_wconf 81' lang='lat' dir='ltr'>tricesimum</span> <span class='ocrx_word' id='word_1_18' title='bbox 1477 1769 1682 1834; x_wconf 85' lang='lat' dir='ltr'>locum</span> <span class='ocrx_word' id='word_1_19' title='bbox 1735 1769 2032 1848; x_wconf 74' lang='lat' dir='ltr'>obtinuit,</span> <span class='ocrx_word' id='word_1_20' title='bbox 2080 1770 2415 1852; x_wconf 80' lang='lat' dir='ltr'><strong>postquam</strong></span> <span class='ocrx_word' id='word_1_21' title='bbox 2468 1768 2921 1834; x_wconf 83' lang='lat' dir='ltr'>recentioribus</span> <span class='ocrx_word' id='word_1_22' title='bbox 2967 1768 3279 1852; x_wconf 84' lang='lat' dir='ltr'>tempori-</span> 
     </span>
     <span class='ocr_line' id='line_1_5' title="bbox 362 1881 3275 1968; baseline -0 -18"><span class='ocrx_word' id='word_1_23' title='bbox 362 1886 474 1950; x_wconf 89' lang='lat' dir='ltr'>bus</span> <span class='ocrx_word' id='word_1_24' title='bbox 531 1885 848 1950; x_wconf 79' lang='lat' dir='ltr'>Asnoldus</span> <span class='ocrx_word' id='word_1_25' title='bbox 907 1883 1179 1951; x_wconf 83' lang='lat' dir='ltr'>Sehaefer</span> <span class='ocrx_word' id='word_1_26' title='bbox 1195 1883 1242 1968; x_wconf 90' lang='lat'>¹)</span> <span class='ocrx_word' id='word_1_27' title='bbox 1299 1886 1366 1950; x_wconf 82' lang='lat' dir='ltr'>et</span> <span class='ocrx_word' id='word_1_28' title='bbox 1411 1885 1736 1968; x_wconf 86' lang='lat' dir='ltr'>Adelphus</span> <span class='ocrx_word' id='word_1_29' title='bbox 1783 1882 2123 1968; x_wconf 77' lang='lat' dir='ltr'>Philippi²)</span> <span class='ocrx_word' id='word_1_30' title='bbox 2188 1883 2435 1966; x_wconf 78' lang='lat' dir='ltr'>copiose</span> <span class='ocrx_word' id='word_1_31' title='bbox 2498 1881 2962 1963; x_wconf 76' lang='lat' dir='ltr'>disseruerunt,</span> <span class='ocrx_word' id='word_1_32' title='bbox 3024 1886 3099 1950; x_wconf 86' lang='lat' dir='ltr'>ut</span> <span class='ocrx_word' id='word_1_33' title='bbox 3158 1902 3275 1968; x_wconf 83' lang='lat' dir='ltr'>ego</span> 
     </span>
     <span class='ocr_line' id='line_1_6' title="bbox 354 1997 3281 2084; baseline -0.001 -18"><span class='ocrx_word' id='word_1_34' title='bbox 354 2001 556 2066; x_wconf 87' lang='lat' dir='ltr'>denuo</span> <span class='ocrx_word' id='word_1_35' title='bbox 601 2019 900 2084; x_wconf 82' lang='lat' dir='ltr'>quaerere</span> <span class='ocrx_word' id='word_1_36' title='bbox 945 2000 1360 2074; x_wconf 84' lang='lat' dir='ltr'>instituerem,</span> <span class='ocrx_word' id='word_1_37' title='bbox 1411 1999 1640 2066; x_wconf 83' lang='lat' dir='ltr'>ideireo</span> <span class='ocrx_word' id='word_1_38' title='bbox 1687 1999 1922 2065; x_wconf 80' lang='lat' dir='ltr'>factum</span> <span class='ocrx_word' id='word_1_39' title='bbox 1970 2003 2089 2080; x_wconf 87' lang='lat' dir='ltr'>est,</span> <span class='ocrx_word' id='word_1_40' title='bbox 2138 1999 2304 2081; x_wconf 87' lang='lat' dir='ltr'>quod</span> <span class='ocrx_word' id='word_1_41' title='bbox 2334 1997 2411 2063; x_wconf 88' lang='lat' dir='ltr'>de</span> <span class='ocrx_word' id='word_1_42' title='bbox 2457 1999 2880 2080; x_wconf 77' lang='lat' dir='ltr'>compluribus</span> <span class='ocrx_word' id='word_1_43' title='bbox 2926 1999 3114 2064; x_wconf 90' lang='lat' dir='ltr'>rebus</span> <span class='ocrx_word' id='word_1_44' title='bbox 3157 1999 3281 2064; x_wconf 91' lang='lat' dir='ltr'>uiri</span> 
     </span>
     <span class='ocr_line' id='line_1_7' title="bbox 357 2113 3279 2198; baseline -0.001 -16"><span class='ocrx_word' id='word_1_45' title='bbox 357 2117 525 2182; x_wconf 81' lang='lat' dir='ltr'>docti</span> <span class='ocrx_word' id='word_1_46' title='bbox 569 2115 666 2180; x_wconf 92' lang='lat' dir='ltr'>illi</span> <span class='ocrx_word' id='word_1_47' title='bbox 711 2116 867 2182; x_wconf 91' lang='lat' dir='ltr'>mihi</span> <span class='ocrx_word' id='word_1_48' title='bbox 915 2135 1038 2180; x_wconf 90' lang='lat' dir='ltr'>non</span> <span class='ocrx_word' id='word_1_49' title='bbox 1082 2117 1544 2198; x_wconf 81' lang='lat' dir='ltr'>persuaserunt.</span> <span class='ocrx_word' id='word_1_50' title='bbox 1639 2114 1796 2180; x_wconf 89' lang='lat' dir='ltr'>Cum</span> <span class='ocrx_word' id='word_1_51' title='bbox 1847 2115 2013 2180; x_wconf 92' lang='lat' dir='ltr'>enim</span> <span class='ocrx_word' id='word_1_52' title='bbox 2076 2113 2153 2179; x_wconf 84' lang='lat' dir='ltr'>de</span> <span class='ocrx_word' id='word_1_53' title='bbox 2214 2113 2588 2197; x_wconf 79' lang='lat' dir='ltr'>quibusdam</span> <span class='ocrx_word' id='word_1_54' title='bbox 2650 2115 2837 2179; x_wconf 90' lang='lat' dir='ltr'>rebus</span> <span class='ocrx_word' id='word_1_55' title='bbox 2894 2115 3093 2180; x_wconf 83' lang='lat' dir='ltr'>faeere</span> <span class='ocrx_word' id='word_1_56' title='bbox 3156 2133 3279 2180; x_wconf 90' lang='lat' dir='ltr'>non</span> 
     </span>
     <span class='ocr_line' id='line_1_8' title="bbox 361 2204 3279 2313; baseline -0.001 -17"><span class='ocrx_word' id='word_1_57' title='bbox 361 2249 606 2313; x_wconf 87' lang='lat' dir='ltr'>possem</span> <span class='ocrx_word' id='word_1_58' title='bbox 651 2232 800 2313; x_wconf 88' lang='lat' dir='ltr'>quin</span> <span class='ocrx_word' id='word_1_59' title='bbox 846 2231 910 2295; x_wconf 90' lang='lat' dir='ltr'>in</span> <span class='ocrx_word' id='word_1_60' title='bbox 957 2204 1261 2313; x_wconf 84' lang='lat' dir='ltr'>Philippii</span> <span class='ocrx_word' id='word_1_61' title='bbox 1305 2231 1684 2296; x_wconf 80' lang='lat' dir='ltr'>sententiam</span> <span class='ocrx_word' id='word_1_62' title='bbox 1732 2231 1953 2295; x_wconf 83' lang='lat' dir='ltr'>eontra</span> <span class='ocrx_word' id='word_1_63' title='bbox 1996 2229 2380 2296; x_wconf 84' lang='lat' dir='ltr'>Sehaeferum</span> <span class='ocrx_word' id='word_1_64' title='bbox 2424 2230 2795 2307; x_wconf 74' lang='lat' dir='ltr'>transirem,</span> <span class='ocrx_word' id='word_1_65' title='bbox 2855 2231 3069 2294; x_wconf 84' lang='lat' dir='ltr'>tamen</span> <span class='ocrx_word' id='word_1_66' title='bbox 3114 2230 3279 2295; x_wconf 90' lang='lat' dir='ltr'>mul-</span> 
     </span>
     <span class='ocr_line' id='line_1_9' title="bbox 360 2345 3276 2429; baseline -0 -18"><span class='ocrx_word' id='word_1_67' title='bbox 360 2348 442 2412; x_wconf 85' lang='lat' dir='ltr'>tis</span> <span class='ocrx_word' id='word_1_68' title='bbox 487 2346 594 2411; x_wconf 92' lang='lat' dir='ltr'>ille</span> <span class='ocrx_word' id='word_1_69' title='bbox 639 2346 792 2412; x_wconf 88' lang='lat' dir='ltr'>loeis</span> <span class='ocrx_word' id='word_1_70' title='bbox 837 2345 1131 2412; x_wconf 78' lang='lat' dir='ltr'>subtilius</span> <span class='ocrx_word' id='word_1_71' title='bbox 1175 2349 1366 2428; x_wconf 80' lang='lat' dir='ltr'>atque</span> <span class='ocrx_word' id='word_1_72' title='bbox 1421 2346 1708 2429; x_wconf 83' lang='lat' dir='ltr'>argutius</span> <span class='ocrx_word' id='word_1_73' title='bbox 1767 2363 1954 2428; x_wconf 82' lang='lat' dir='ltr'>quam</span> <span class='ocrx_word' id='word_1_74' title='bbox 2015 2345 2227 2410; x_wconf 89' lang='lat' dir='ltr'>uerius</span> <span class='ocrx_word' id='word_1_75' title='bbox 2288 2345 2640 2428; x_wconf 78' lang='lat' dir='ltr'>disputasse</span> <span class='ocrx_word' id='word_1_76' title='bbox 2700 2346 2857 2411; x_wconf 89' lang='lat' dir='ltr'>mihi</span> <span class='ocrx_word' id='word_1_77' title='bbox 2922 2345 3276 2410; x_wconf 81' lang='lat' dir='ltr'>uidebatur.</span> 
     </span>
     <span class='ocr_line' id='line_1_10' title="bbox 357 2459 3276 2543; baseline -0.001 -15"><span class='ocrx_word' id='word_1_78' title='bbox 357 2461 456 2528; x_wconf 79' lang='lat' dir='ltr'>lta</span> <span class='ocrx_word' id='word_1_79' title='bbox 499 2459 752 2538; x_wconf 80' lang='lat' dir='ltr'>accidit,</span> <span class='ocrx_word' id='word_1_80' title='bbox 799 2465 874 2527; x_wconf 91' lang='lat' dir='ltr'>ut</span> <span class='ocrx_word' id='word_1_81' title='bbox 916 2481 1059 2528; x_wconf 85' lang='lat' dir='ltr'>eum</span> <span class='ocrx_word' id='word_1_82' title='bbox 1102 2464 1326 2526; x_wconf 85' lang='lat' dir='ltr'>neuter</span> <span class='ocrx_word' id='word_1_83' title='bbox 1371 2461 1528 2526; x_wconf 91' lang='lat' dir='ltr'>mihi</span> <span class='ocrx_word' id='word_1_84' title='bbox 1573 2460 1969 2527; x_wconf 80' lang='lat' dir='ltr'>satisfaceret</span> <span class='ocrx_word' id='word_1_85' title='bbox 2013 2460 2079 2524; x_wconf 90' lang='lat' dir='ltr'>in</span> <span class='ocrx_word' id='word_1_86' title='bbox 2124 2479 2355 2526; x_wconf 86' lang='lat' dir='ltr'>nouam</span> <span class='ocrx_word' id='word_1_87' title='bbox 2400 2462 2535 2543; x_wconf 90' lang='lat' dir='ltr'>ipse</span> <span class='ocrx_word' id='word_1_88' title='bbox 2566 2461 2873 2542; x_wconf 75' lang='lat' dir='ltr'>paulatim</span> <span class='ocrx_word' id='word_1_89' title='bbox 2921 2461 3276 2543; x_wconf 84' lang='lat' dir='ltr'><strong>opinionem</strong></span> 
     </span>
     <span class='ocr_line' id='line_1_11' title="bbox 353 2576 2869 2663; baseline -0.001 -20"><span class='ocrx_word' id='word_1_90' title='bbox 353 2577 712 2655; x_wconf 79' lang='lat' dir='ltr'>adducerer,</span> <span class='ocrx_word' id='word_1_91' title='bbox 761 2595 945 2661; x_wconf 78' lang='lat' dir='ltr'>quam</span> <span class='ocrx_word' id='word_1_92' title='bbox 995 2578 1344 2663; x_wconf 85' lang='lat' dir='ltr'>legentium</span> <span class='ocrx_word' id='word_1_93' title='bbox 1390 2577 1588 2643; x_wconf 82' lang='lat' dir='ltr'>oeulis</span> <span class='ocrx_word' id='word_1_94' title='bbox 1636 2577 1700 2643; x_wconf 85' lang='lat' dir='ltr'>et</span> <span class='ocrx_word' id='word_1_95' title='bbox 1745 2576 1979 2643; x_wconf 78' lang='lat' dir='ltr'>iudicio</span> <span class='ocrx_word' id='word_1_96' title='bbox 2025 2593 2187 2641; x_wconf 86' lang='lat' dir='ltr'>nune</span> <span class='ocrx_word' id='word_1_97' title='bbox 2233 2576 2665 2659; x_wconf 79' lang='lat' dir='ltr'>propositurus</span> <span class='ocrx_word' id='word_1_98' title='bbox 2710 2595 2869 2642; x_wconf 89' lang='lat' dir='ltr'>sum.</span> 
     </span>
    </p>

    <p class='ocr_par' dir='ltr' id='par_1_3' title="bbox 534 2690 2923 2778">
     <span class='ocr_line' id='line_1_12' title="bbox 534 2690 2923 2778; baseline -0.002 -19"><span class='ocrx_word' id='word_1_99' title='bbox 534 2694 660 2759; x_wconf 81' lang='lat' dir='ltr'>Res</span> <span class='ocrx_word' id='word_1_100' title='bbox 704 2692 906 2776; x_wconf 81' lang='lat' dir='ltr'>qualis</span> <span class='ocrx_word' id='word_1_101' title='bbox 951 2692 1038 2759; x_wconf 87' lang='lat' dir='ltr'>sit</span> <span class='ocrx_word' id='word_1_102' title='bbox 1081 2694 1154 2759; x_wconf 87' lang='lat' dir='ltr'>ut</span> <span class='ocrx_word' id='word_1_103' title='bbox 1199 2693 1662 2778; x_wconf 74' lang='lat' dir='ltr'>intellegamuS,</span> <span class='ocrx_word' id='word_1_104' title='bbox 1710 2710 1747 2757; x_wconf 81' lang='lat' dir='ltr'>a</span> <span class='ocrx_word' id='word_1_105' title='bbox 1793 2690 2100 2774; x_wconf 83' lang='lat' dir='ltr'>principio</span> <span class='ocrx_word' id='word_1_106' title='bbox 2147 2690 2463 2757; x_wconf 79' lang='lat' dir='ltr'>ordiamur</span> <span class='ocrx_word' id='word_1_107' title='bbox 2508 2710 2760 2758; x_wconf 82' lang='lat' dir='ltr'>neeesse</span> <span class='ocrx_word' id='word_1_108' title='bbox 2809 2692 2923 2757; x_wconf 88' lang='lat' dir='ltr'>est.</span> 
     </span>
    </p>
   </div>
   <div class='ocr_carea' id='block_1_3' title="bbox 1783 2882 1845 2964">
    <p class='ocr_par' dir='ltr' id='par_1_4' title="bbox 1783 2882 1845 2964">
     <span class='ocr_line' id='line_1_13' title="bbox 1783 2882 1845 2964; baseline -0.016 0"><span class='ocrx_word' id='word_1_109' title='bbox 1783 2882 1845 2964; x_wconf 94' lang='grc' dir='ltr'>Ι.</span> 
     </span>
    </p>
   </div>
   <div class='ocr_carea' id='block_1_4' title="bbox 353 3044 3273 3709">
    <p class='ocr_par' dir='ltr' id='par_1_5' title="bbox 353 3044 3273 3709">
     <span class='ocr_line' id='line_1_14' title="bbox 532 3044 3269 3130; baseline -0.001 -19"><span class='ocrx_word' id='word_1_110' title='bbox 532 3046 952 3129; x_wconf 68' lang='lat' dir='ltr'>Hegesia-atus</span> <span class='ocrx_word' id='word_1_111' title='bbox 1001 3045 1412 3111; x_wconf 79' lang='lat' dir='ltr'>Massiliensis</span> <span class='ocrx_word' id='word_1_112' title='bbox 1425 3044 1478 3130; x_wconf 77' lang='lat'>³)</span> <span class='ocrx_word' id='word_1_113' title='bbox 1527 3050 1664 3111; x_wconf 82' lang='lat' dir='ltr'>erat</span> <span class='ocrx_word' id='word_1_114' title='bbox 1707 3045 2147 3111; x_wconf 80' lang='lat' dir='ltr'>nauicularius.</span> <span class='ocrx_word' id='word_1_115' title='bbox 2239 3046 2302 3111; x_wconf 91' lang='lat' dir='ltr'>Is</span> <span class='ocrx_word' id='word_1_116' title='bbox 2346 3045 2427 3109; x_wconf 75' lang='lat' dir='ltr'>ab</span> <span class='ocrx_word' id='word_1_117' title='bbox 2476 3044 2967 3109; x_wconf 82' lang='lat' dir='ltr'>Atheniensibus</span> <span class='ocrx_word' id='word_1_118' title='bbox 3014 3044 3269 3127; x_wconf 89' lang='lat' dir='ltr'>quibus-</span> 
     </span>
     <span class='ocr_line' id='line_1_15' title="bbox 358 3156 3271 3246; baseline 0 -21"><span class='ocrx_word' id='word_1_119' title='bbox 358 3162 502 3225; x_wconf 85' lang='lat' dir='ltr'>dam</span> <span class='ocrx_word' id='word_1_120' title='bbox 547 3162 868 3227; x_wconf 81' lang='lat' dir='ltr'>mutuatus</span> <span class='ocrx_word' id='word_1_121' title='bbox 917 3163 1052 3225; x_wconf 81' lang='lat' dir='ltr'>erat</span> <span class='ocrx_word' id='word_1_122' title='bbox 1098 3160 1446 3243; x_wconf 79' lang='lat' dir='ltr'>pecuniam,</span> <span class='ocrx_word' id='word_1_123' title='bbox 1493 3161 1588 3227; x_wconf 79' lang='lat' dir='ltr'>ita</span> <span class='ocrx_word' id='word_1_124' title='bbox 1633 3164 1706 3227; x_wconf 87' lang='lat' dir='ltr'>ut</span> <span class='ocrx_word' id='word_1_125' title='bbox 1750 3161 1926 3227; x_wconf 81' lang='lat' dir='ltr'>nauis</span> <span class='ocrx_word' id='word_1_126' title='bbox 1973 3162 2219 3246; x_wconf 85' lang='lat' dir='ltr'>pignori</span> <span class='ocrx_word' id='word_1_127' title='bbox 2266 3162 2435 3226; x_wconf 88' lang='lat' dir='ltr'>esset</span> <span class='ocrx_word' id='word_1_128' title='bbox 2448 3156 2537 3243; x_wconf 78' lang='lat'>⁴);</span> <span class='ocrx_word' id='word_1_129' title='bbox 2584 3177 2703 3243; x_wconf 89' lang='lat' dir='ltr'>quo</span> <span class='ocrx_word' id='word_1_130' title='bbox 2749 3158 2813 3223; x_wconf 92' lang='lat' dir='ltr'>in</span> <span class='ocrx_word' id='word_1_131' title='bbox 2846 3162 3027 3242; x_wconf 80' lang='lat' dir='ltr'>paeto</span> <span class='ocrx_word' id='word_1_132' title='bbox 3074 3161 3271 3241; x_wconf 84' lang='lat' dir='ltr'>scrip-</span> 
     </span>
     <span class='ocr_line' id='line_1_16' title="bbox 359 3272 3268 3359; baseline 0 -21"><span class='ocrx_word' id='word_1_133' title='bbox 359 3276 494 3339; x_wconf 77' lang='lat' dir='ltr'>tum</span> <span class='ocrx_word' id='word_1_134' title='bbox 537 3274 730 3339; x_wconf 88' lang='lat' dir='ltr'>fuisse</span> <span class='ocrx_word' id='word_1_135' title='bbox 775 3274 1046 3353; x_wconf 83' lang='lat' dir='ltr'>uidetur,</span> <span class='ocrx_word' id='word_1_136' title='bbox 1095 3276 1372 3359; x_wconf 61' lang='lat' dir='ltr'>utnauis</span> <span class='ocrx_word' id='word_1_137' title='bbox 1404 3277 1686 3342; x_wconf 83' lang='lat' dir='ltr'>Athenas</span> <span class='ocrx_word' id='word_1_138' title='bbox 1718 3276 1955 3342; x_wconf 73' lang='lat' dir='ltr'>rediret</span> <span class='ocrx_word' id='word_1_139' title='bbox 1970 3274 2046 3359; x_wconf 86' lang='lat'>⁶).</span> <span class='ocrx_word' id='word_1_140' title='bbox 2110 3277 2343 3343; x_wconf 80' lang='lat' dir='ltr'>Vector</span> <span class='ocrx_word' id='word_1_141' title='bbox 2361 3274 2416 3359; x_wconf 79' lang='lat'>⁶)</span> <span class='ocrx_word' id='word_1_142' title='bbox 2448 3278 2585 3341; x_wconf 81' lang='lat' dir='ltr'>erat</span> <span class='ocrx_word' id='word_1_143' title='bbox 2617 3275 2842 3340; x_wconf 88' lang='lat' dir='ltr'>Protus</span> <span class='ocrx_word' id='word_1_144' title='bbox 2874 3276 3183 3341; x_wconf 77' lang='lat' dir='ltr'>mereator</span> <span class='ocrx_word' id='word_1_145' title='bbox 3197 3272 3268 3359; x_wconf 78' lang='lat'>⁷),</span> 
     </span>
     <span class='ocr_line' id='line_1_17' title="bbox 361 3388 3271 3475; baseline 0 -22"><span class='ocrx_word' id='word_1_146' title='bbox 361 3390 469 3472; x_wconf 90' lang='lat' dir='ltr'>qui</span> <span class='ocrx_word' id='word_1_147' title='bbox 513 3408 658 3453; x_wconf 84' lang='lat' dir='ltr'>eum</span> <span class='ocrx_word' id='word_1_148' title='bbox 701 3392 768 3453; x_wconf 85' lang='lat' dir='ltr'>et</span> <span class='ocrx_word' id='word_1_149' title='bbox 809 3391 944 3472; x_wconf 89' lang='lat' dir='ltr'>ipse</span> <span class='ocrx_word' id='word_1_150' title='bbox 989 3390 1355 3475; x_wconf 87' lang='lat' dir='ltr'>peregrinus</span> <span class='ocrx_word' id='word_1_151' title='bbox 1375 3388 1428 3475; x_wconf 80' lang='lat'>⁸)</span> <span class='ocrx_word' id='word_1_152' title='bbox 1490 3394 1660 3458; x_wconf 85' lang='lat' dir='ltr'>esset</span> <span class='ocrx_word' id='word_1_153' title='bbox 1704 3392 1783 3457; x_wconf 84' lang='lat' dir='ltr'>ab</span> <span class='ocrx_word' id='word_1_154' title='bbox 1832 3390 2209 3457; x_wconf 81' lang='lat' dir='ltr'>Atheniensi</span> <span class='ocrx_word' id='word_1_155' title='bbox 2255 3390 2565 3467; x_wconf 88' lang='lat' dir='ltr'>Demone,</span> <span class='ocrx_word' id='word_1_156' title='bbox 2623 3390 3068 3455; x_wconf 76' lang='lat' dir='ltr'>Demosthenis</span> <span class='ocrx_word' id='word_1_157' title='bbox 3126 3408 3271 3471; x_wconf 90' lang='lat' dir='ltr'>pro-</span> 
     </span>
     <span class='ocr_line' id='line_1_18' title="bbox 355 3502 3271 3591; baseline -0.001 -19"><span class='ocrx_word' id='word_1_158' title='bbox 355 3506 588 3589; x_wconf 88' lang='lat' dir='ltr'>pinquo</span> <span class='ocrx_word' id='word_1_159' title='bbox 601 3502 673 3587; x_wconf 82' lang='lat'>⁹),</span> <span class='ocrx_word' id='word_1_160' title='bbox 726 3504 978 3590; x_wconf 85' lang='lat' dir='ltr'>eiusque</span> <span class='ocrx_word' id='word_1_161' title='bbox 1024 3506 1211 3572; x_wconf 81' lang='lat' dir='ltr'>sociis</span> <span class='ocrx_word' id='word_1_162' title='bbox 1257 3509 1590 3591; x_wconf 82' lang='lat' dir='ltr'>argentum</span> <span class='ocrx_word' id='word_1_163' title='bbox 1635 3510 1927 3573; x_wconf 89' lang='lat' dir='ltr'>mutuum</span> <span class='ocrx_word' id='word_1_164' title='bbox 1974 3508 2345 3589; x_wconf 76' lang='lat' dir='ltr'>sumpserat,</span> <span class='ocrx_word' id='word_1_165' title='bbox 2396 3504 2706 3571; x_wconf 82' lang='lat' dir='ltr'>mercibus</span> <span class='ocrx_word' id='word_1_166' title='bbox 2736 3522 2891 3587; x_wconf 78' lang='lat' dir='ltr'>quas</span> <span class='ocrx_word' id='word_1_167' title='bbox 2936 3506 3001 3569; x_wconf 93' lang='lat' dir='ltr'>in</span> <span class='ocrx_word' id='word_1_168' title='bbox 3046 3522 3271 3569; x_wconf 81' lang='lat' dir='ltr'>nauem</span> 
     </span>
     <span class='ocr_line' id='line_1_19' title="bbox 353 3614 3273 3709; baseline -0 -24"><span class='ocrx_word' id='word_1_169' title='bbox 353 3620 756 3703; x_wconf 80' lang='lat' dir='ltr'>imposuerat,</span> <span class='ocrx_word' id='word_1_170' title='bbox 807 3622 1058 3707; x_wconf 84' lang='lat' dir='ltr'>pignori</span> <span class='ocrx_word' id='word_1_171' title='bbox 1103 3622 1420 3707; x_wconf 77' lang='lat' dir='ltr'>obligatis.</span> <span class='ocrx_word' id='word_1_172' title='bbox 1513 3622 1836 3689; x_wconf 83' lang='lat' dir='ltr'>Eiusmodi</span> <span class='ocrx_word' id='word_1_173' title='bbox 1880 3626 2066 3709; x_wconf 73' lang='lat' dir='ltr'>paets</span> <span class='ocrx_word' id='word_1_174' title='bbox 2124 3622 2429 3687; x_wconf 73' lang='lat' dir='ltr'>conuenta</span> <span class='ocrx_word' id='word_1_175' title='bbox 2477 3620 2701 3687; x_wconf 78' lang='lat' dir='ltr'>Graeci</span> <span class='ocrx_word' id='word_1_176' title='bbox 2756 3614 3121 3705; x_wconf 78' lang='grc' dir='ltr'><strong><em>συμβόλαια</em></strong></span> <span class='ocrx_word' id='word_1_177' title='bbox 3180 3618 3273 3695; x_wconf 77' lang='grc' dir='ltr'>εἰς</span> 
     </span>
    </p>
   </div>
   <div class='ocr_carea' id='block_1_5' title="bbox 357 3919 3271 4525">
    <p class='ocr_par' dir='ltr' id='par_1_6' title="bbox 357 3919 3271 4525">
     <span class='ocr_line' id='line_1_20' title="bbox 505 3919 3269 3993; baseline 0 -17"><span class='ocrx_word' id='word_1_178' title='bbox 505 3919 546 3987; x_wconf 83' lang='lat'>¹)</span> <span class='ocrx_word' id='word_1_179' title='bbox 584 3923 647 3976; x_wconf 79' lang='lat' dir='ltr'>A.</span> <span class='ocrx_word' id='word_1_180' title='bbox 678 3920 911 3977; x_wconf 74' lang='lat' dir='ltr'>Sehaefer</span> <span class='ocrx_word' id='word_1_181' title='bbox 945 3922 1332 3978; x_wconf 76' lang='lat' dir='ltr'>Demosthenes</span> <span class='ocrx_word' id='word_1_182' title='bbox 1371 3922 1480 3977; x_wconf 84' lang='lat' dir='ltr'>und</span> <span class='ocrx_word' id='word_1_183' title='bbox 1518 3924 1664 3979; x_wconf 88' lang='lat' dir='ltr'>seine</span> <span class='ocrx_word' id='word_1_184' title='bbox 1701 3924 1819 3978; x_wconf 85' lang='lat' dir='ltr'>Zeit</span> <span class='ocrx_word' id='word_1_185' title='bbox 1849 3924 1956 3978; x_wconf 89' lang='lat'>111.</span> <span class='ocrx_word' id='word_1_186' title='bbox 1988 3924 2051 3977; x_wconf 89' lang='lat' dir='ltr'>B.</span> <span class='ocrx_word' id='word_1_187' title='bbox 2078 3940 2133 3993; x_wconf 90' lang='lat' dir='ltr'>p.</span> <span class='ocrx_word' id='word_1_188' title='bbox 2160 3922 2462 3977; x_wconf 72' lang='lat'>292-296.</span> <span class='ocrx_word' id='word_1_189' title='bbox 2540 3920 2585 3991; x_wconf 75' lang='lat'>²)</span> <span class='ocrx_word' id='word_1_190' title='bbox 2610 3920 2949 3977; x_wconf 76' lang='lat' dir='ltr'>Jahrbnoher</span> <span class='ocrx_word' id='word_1_191' title='bbox 2974 3920 3061 3977; x_wconf 75' lang='lat' dir='ltr'>sm·</span> <span class='ocrx_word' id='word_1_192' title='bbox 3080 3920 3269 3976; x_wconf 88' lang='lat' dir='ltr'>Philo-</span> 
     </span>
     <span class='ocr_line' id='line_1_21' title="bbox 363 4008 3269 4083; baseline 0 -20"><span class='ocrx_word' id='word_1_193' title='bbox 363 4008 508 4079; x_wconf 77' lang='lat' dir='ltr'>logie</span> <span class='ocrx_word' id='word_1_194' title='bbox 544 4010 628 4075; x_wconf 82' lang='lat'>95,</span> <span class='ocrx_word' id='word_1_195' title='bbox 665 4027 716 4080; x_wconf 90' lang='lat' dir='ltr'>p.</span> <span class='ocrx_word' id='word_1_196' title='bbox 755 4011 1044 4065; x_wconf 82' lang='lat'>577—593</span> <span class='ocrx_word' id='word_1_197' title='bbox 1086 4010 1213 4075; x_wconf 75' lang='lat' dir='ltr'>„das</span> <span class='ocrx_word' id='word_1_198' title='bbox 1249 4012 1547 4083; x_wconf 78' lang='lat' dir='ltr'>Fragment</span> <span class='ocrx_word' id='word_1_199' title='bbox 1581 4012 1677 4067; x_wconf 84' lang='lat' dir='ltr'>der</span> <span class='ocrx_word' id='word_1_200' title='bbox 1714 4012 2214 4067; x_wconf 84' lang='lat' dir='ltr'>demosthenischen</span> <span class='ocrx_word' id='word_1_201' title='bbox 2250 4010 2395 4066; x_wconf 86' lang='lat' dir='ltr'>Rede</span> <span class='ocrx_word' id='word_1_202' title='bbox 2431 4028 2605 4081; x_wconf 80' lang='lat' dir='ltr'>gegen</span> <span class='ocrx_word' id='word_1_203' title='bbox 2632 4010 3021 4066; x_wconf 77' lang='lat' dir='ltr'>Zenothemis.“</span> <span class='ocrx_word' id='word_1_204' title='bbox 3098 4008 3140 4079; x_wconf 80' lang='lat'>³)</span> <span class='ocrx_word' id='word_1_205' title='bbox 3178 4008 3269 4065; x_wconf 85' lang='lat' dir='ltr'>Or.</span> 
     </span>
     <span class='ocr_line' id='line_1_22' title="bbox 359 4090 3269 4169; baseline -0.001 -16"><span class='ocrx_word' id='word_1_206' title='bbox 359 4098 480 4153; x_wconf 86' lang='lat' dir='ltr'>adu.</span> <span class='ocrx_word' id='word_1_207' title='bbox 519 4098 867 4155; x_wconf 85' lang='lat' dir='ltr'>Zenothemin</span> <span class='ocrx_word' id='word_1_208' title='bbox 904 4100 937 4167; x_wconf 69' lang='grc'><strong>9</strong></span> <span class='ocrx_word' id='word_1_209' title='bbox 963 4100 1015 4154; x_wconf 91' lang='grc'>8.</span> <span class='ocrx_word' id='word_1_210' title='bbox 1081 4098 1124 4166; x_wconf 86' lang='lat'>⁴)</span> <span class='ocrx_word' id='word_1_211' title='bbox 1163 4100 1194 4168; x_wconf 68' lang='grc'>5</span> <span class='ocrx_word' id='word_1_212' title='bbox 1235 4101 1328 4155; x_wconf 78' lang='lat'>14:</span> <span class='ocrx_word' id='word_1_213' title='bbox 1365 4100 1422 4155; x_wconf 68' lang='grc' dir='ltr'>οἱ</span> <span class='ocrx_word' id='word_1_214' title='bbox 1458 4096 1542 4154; x_wconf 71' lang='grc' dir='ltr'>ἐπὶ</span> <span class='ocrx_word' id='word_1_215' title='bbox 1579 4100 1646 4169; x_wconf 82' lang='grc' dir='ltr'>τῇ</span> <span class='ocrx_word' id='word_1_216' title='bbox 1683 4098 1780 4168; x_wconf 75' lang='grc' dir='ltr'>νηῒ</span> <span class='ocrx_word' id='word_1_217' title='bbox 1811 4097 2181 4163; x_wconf 73' lang='grc' dir='ltr'>δεδανεικότες</span> <span class='ocrx_word' id='word_1_218' title='bbox 2216 4102 2373 4155; x_wconf 79' lang='lat' dir='ltr'>erant</span> <span class='ocrx_word' id='word_1_219' title='bbox 2407 4100 2775 4155; x_wconf 80' lang='lat' dir='ltr'>Athenienses.</span> <span class='ocrx_word' id='word_1_220' title='bbox 2850 4098 2894 4165; x_wconf 77' lang='lat'>⁸)</span> <span class='ocrx_word' id='word_1_221' title='bbox 2934 4098 2965 4166; x_wconf 69' lang='grc'>5</span> <span class='ocrx_word' id='word_1_222' title='bbox 3003 4100 3068 4153; x_wconf 84' lang='lat'>9:</span> <span class='ocrx_word' id='word_1_223' title='bbox 3106 4090 3269 4151; x_wconf 75' lang='grc' dir='ltr'><strong><em>ὅθεν·</em></strong></span> 
     </span>
     <span class='ocr_line' id='line_1_23' title="bbox 357 4183 3270 4259; baseline -0 -19"><span class='ocrx_word' id='word_1_224' title='bbox 357 4204 456 4251; x_wconf 66' lang='grc' dir='ltr'>περ</span> <span class='ocrx_word' id='word_1_225' title='bbox 493 4183 736 4256; x_wconf 69' lang='grc' dir='ltr'>ἀνήχθη,</span> <span class='ocrx_word' id='word_1_226' title='bbox 773 4187 830 4242; x_wconf 82' lang='lat' dir='ltr'>in</span> <span class='ocrx_word' id='word_1_227' title='bbox 851 4187 1284 4258; x_wconf 78' lang='lat' dir='ltr'>Dionysodorum</span> <span class='ocrx_word' id='word_1_228' title='bbox 1310 4188 1426 4259; x_wconf 82' lang='lat'><strong>(56)</strong></span> <span class='ocrx_word' id='word_1_229' title='bbox 1450 4190 1484 4259; x_wconf 66' lang='grc' dir='ltr'>β</span> <span class='ocrx_word' id='word_1_230' title='bbox 1507 4190 1575 4243; x_wconf 78' lang='lat'>3:</span> <span class='ocrx_word' id='word_1_231' title='bbox 1613 4188 1999 4256; x_wconf 64' lang='grc' dir='ltr'>δανεισάμενος</span> <span class='ocrx_word' id='word_1_232' title='bbox 2032 4185 2158 4256; x_wconf 77' lang='grc' dir='ltr'><strong><em>παρ’</em></strong></span> <span class='ocrx_word' id='word_1_233' title='bbox 2194 4184 2353 4257; x_wconf 72' lang='grc' dir='ltr'>ήμόν</span> <span class='ocrx_word' id='word_1_234' title='bbox 2388 4183 2477 4241; x_wconf 70' lang='grc' dir='ltr'>ἐπὶ</span> <span class='ocrx_word' id='word_1_235' title='bbox 2502 4186 2569 4257; x_wconf 77' lang='grc' dir='ltr'>τῇ</span> <span class='ocrx_word' id='word_1_236' title='bbox 2594 4184 2692 4255; x_wconf 71' lang='grc' dir='ltr'>νηῒ</span> <span class='ocrx_word' id='word_1_237' title='bbox 2710 4188 2997 4257; x_wconf 66' lang='grc' dir='ltr'><strong><em>τρισχιλίας</em></strong></span> <span class='ocrx_word' id='word_1_238' title='bbox 3022 4184 3270 4253; x_wconf 75' lang='grc' dir='ltr'><strong><em>δραχμὰς</em></strong></span> 
     </span>
     <span class='ocr_line' id='line_1_24' title="bbox 357 4266 3271 4350; baseline 0 -21"><span class='ocrx_word' id='word_1_239' title='bbox 357 4270 446 4343; x_wconf 66' lang='grc' dir='ltr'>ἐφ’</span> <span class='ocrx_word' id='word_1_240' title='bbox 479 4266 528 4349; x_wconf 64' lang='grc' dir='ltr'><em>ᾦ</em></span> <span class='ocrx_word' id='word_1_241' title='bbox 563 4293 624 4329; x_wconf 73' lang='grc' dir='ltr'>τε</span> <span class='ocrx_word' id='word_1_242' title='bbox 659 4274 761 4344; x_wconf 69' lang='grc' dir='ltr'>τὴν</span> <span class='ocrx_word' id='word_1_243' title='bbox 799 4277 940 4329; x_wconf 68' lang='grc' dir='ltr'>ναῦν</span> <span class='ocrx_word' id='word_1_244' title='bbox 974 4280 1270 4331; x_wconf 66' lang='grc' dir='ltr'>καταπλεῖν</span> <span class='ocrx_word' id='word_1_245' title='bbox 1303 4272 1566 4346; x_wconf 71' lang='grc' dir='ltr'>Ἀθήναζε</span> <span class='ocrx_word' id='word_1_246' title='bbox 1598 4276 1690 4331; x_wconf 74' lang='grc' dir='ltr'>παὶ</span> <span class='ocrx_word' id='word_1_247' title='bbox 1714 4282 1770 4331; x_wconf 85' lang='lat' dir='ltr'>et</span> <span class='ocrx_word' id='word_1_248' title='bbox 1794 4294 1846 4347; x_wconf 86' lang='lat' dir='ltr'>q.</span> <span class='ocrx_word' id='word_1_249' title='bbox 1870 4292 2017 4349; x_wconf 82' lang='lat' dir='ltr'>seqq.</span> <span class='ocrx_word' id='word_1_250' title='bbox 2076 4278 2123 4348; x_wconf 79' lang='lat'>⁸)</span> <span class='ocrx_word' id='word_1_251' title='bbox 2158 4274 2429 4350; x_wconf 70' lang='grc' dir='ltr'><strong><em>ἐπιβάτης.</em></strong></span> <span class='ocrx_word' id='word_1_252' title='bbox 2494 4275 2538 4346; x_wconf 66' lang='lat'>²)</span> <span class='ocrx_word' id='word_1_253' title='bbox 2574 4273 2827 4345; x_wconf 76' lang='grc' dir='ltr'>ἔμπορος,</span> <span class='ocrx_word' id='word_1_254' title='bbox 2864 4278 2897 4345; x_wconf 60' lang='grc' dir='ltr'>ᾖ</span> <span class='ocrx_word' id='word_1_255' title='bbox 2924 4276 3019 4331; x_wconf 87' lang='lat'>15:</span> <span class='ocrx_word' id='word_1_256' title='bbox 3058 4270 3271 4338; x_wconf 70' lang='grc' dir='ltr'><strong><em>εὐθέως</em></strong></span> 
     </span>
     <span class='ocr_line' id='line_1_25' title="bbox 359 4354 3269 4440; baseline 0.001 -24"><span class='ocrx_word' id='word_1_257' title='bbox 359 4357 392 4416; x_wconf 76' lang='grc' dir='ltr'><em>ὃ</em></span> <span class='ocrx_word' id='word_1_258' title='bbox 431 4364 660 4431; x_wconf 72' lang='grc' dir='ltr'>Προῖτος</span> <span class='ocrx_word' id='word_1_259' title='bbox 695 4364 883 4435; x_wconf 70' lang='grc' dir='ltr'>(τοῦτο</span> <span class='ocrx_word' id='word_1_260' title='bbox 917 4366 1030 4435; x_wconf 71' lang='grc' dir='ltr'>γάρ</span> <span class='ocrx_word' id='word_1_261' title='bbox 1061 4354 1132 4436; x_wconf 70' lang='grc' dir='ltr'>ἦν</span> <span class='ocrx_word' id='word_1_262' title='bbox 1165 4358 1434 4433; x_wconf 58' lang='grc' dir='ltr'>τοῦνομα.</span> <span class='ocrx_word' id='word_1_263' title='bbox 1451 4366 1530 4437; x_wconf 70' lang='grc' dir='ltr'>τῷ</span> <span class='ocrx_word' id='word_1_264' title='bbox 1561 4365 1664 4421; x_wconf 71' lang='grc' dir='ltr'>τὸν</span> <span class='ocrx_word' id='word_1_265' title='bbox 1699 4370 1860 4422; x_wconf 68' lang='grc' dir='ltr'>οἶτον</span> <span class='ocrx_word' id='word_1_266' title='bbox 1893 4364 2253 4437; x_wconf 63' lang='grc' dir='ltr'>εἰσαγαγόντι,</span> <span class='ocrx_word' id='word_1_267' title='bbox 2290 4366 2367 4440; x_wconf 75' lang='grc' dir='ltr'>τῷ</span> <span class='ocrx_word' id='word_1_268' title='bbox 2400 4366 2471 4421; x_wconf 75' lang='grc' dir='ltr'>τὰ</span> <span class='ocrx_word' id='word_1_269' title='bbox 2502 4360 2748 4435; x_wconf 66' lang='grc' dir='ltr'>χρήμαθ’</span> <span class='ocrx_word' id='word_1_270' title='bbox 2780 4358 2915 4433; x_wconf 73' lang='grc' dir='ltr'>ἡμῖν</span> <span class='ocrx_word' id='word_1_271' title='bbox 2950 4358 3269 4433; x_wconf 67' lang='grc' dir='ltr'>ὀφείλοντι).</span> 
     </span>
     <span class='ocr_line' id='line_1_26' title="bbox 362 4444 2971 4525; baseline 0 -17"><span class='ocrx_word' id='word_1_272' title='bbox 362 4449 408 4519; x_wconf 84' lang='lat'>⁸)</span> <span class='ocrx_word' id='word_1_273' title='bbox 432 4452 464 4521; x_wconf 67' lang='grc' dir='ltr'>β</span> <span class='ocrx_word' id='word_1_274' title='bbox 489 4452 587 4509; x_wconf 79' lang='lat'>29:</span> <span class='ocrx_word' id='word_1_275' title='bbox 627 4444 745 4523; x_wconf 74' lang='grc' dir='ltr'>ἅμα</span> <span class='ocrx_word' id='word_1_276' title='bbox 780 4448 853 4509; x_wconf 68' lang='grc' dir='ltr'>ἄν</span> <span class='ocrx_word' id='word_1_277' title='bbox 888 4450 1063 4510; x_wconf 69' lang='grc' dir='ltr'><strong><em>αὐτὸν</em></strong></span> <span class='ocrx_word' id='word_1_278' title='bbox 1097 4456 1440 4524; x_wconf 67' lang='grc' dir='ltr'>προσεκαλοῦ</span> <span class='ocrx_word' id='word_1_279' title='bbox 1475 4454 1565 4510; x_wconf 72' lang='grc' dir='ltr'>καὶ</span> <span class='ocrx_word' id='word_1_280' title='bbox 1591 4455 1897 4525; x_wconf 66' lang='grc' dir='ltr'><strong><em>κατηγγύας</em></strong></span> <span class='ocrx_word' id='word_1_281' title='bbox 1929 4456 2069 4523; x_wconf 73' lang='grc' dir='ltr'>πρὸς</span> <span class='ocrx_word' id='word_1_282' title='bbox 2091 4454 2193 4513; x_wconf 72' lang='grc' dir='ltr'>τὸν</span> <span class='ocrx_word' id='word_1_283' title='bbox 2226 4452 2674 4525; x_wconf 68' lang='grc' dir='ltr'>πολέμαρχον,</span> <span class='ocrx_word' id='word_1_284' title='bbox 2743 4454 2790 4523; x_wconf 79' lang='lat'>⁹)</span> <span class='ocrx_word' id='word_1_285' title='bbox 2826 4456 2859 4523; x_wconf 67' lang='lat' dir='ltr'><strong>fi</strong></span> <span class='ocrx_word' id='word_1_286' title='bbox 2884 4455 2971 4510; x_wconf 88' lang='lat'>31.</span> 
     </span>
    </p>
   </div>
   <div class='ocr_carea' id='block_1_6' title="bbox 3410 0 3868 5066">
    <p class='ocr_par' dir='ltr' id='par_1_7' title="bbox 3410 0 3868 5066">
     <span class='ocr_line' id='line_1_27' title="bbox 3410 0 3868 5066; baseline 0 0"><span class='ocrx_word' id='word_1_287' title='bbox 3410 0 3868 5066; x_wconf 95' lang='lat' dir='ltr'> </span> 
     </span>
    </p>
   </div>
  </div>
 </body>
</html>
