3876 5242
1825 200 2085 266 -18
2182 217 2320 246 —·

583 392 874 458 effectum
923 411 1057 458 esse
1108 393 1218 459 illo
1265 393 1402 458 loco
1448 391 1676 458 dicitur
1721 394 1794 457 ut
1839 391 2225 458 frumentum
2286 411 2323 458 a
2384 394 2663 459 Demone
2724 394 3163 477 possideretur.
3260 395 3332 458 [n
3384 395 3493 460 illo

583 507 806 574 deinde
855 508 1154 590 temporis
1201 510 1519 574 momento
1565 509 1733 572 inter
1778 507 2255 574 altercationem
2303 508 2479 575 Proti
2526 510 2591 574 et
2636 509 3103 576 Zenothemidis
3146 529 3271 576 non
3316 513 3496 592 pote-

583 624 683 688 rat
711 623 916 688 subito
961 641 1206 688 annona
1249 623 1457 687 laxata
1488 623 1666 688 Proti
1713 625 2031 690 sententia
2078 624 2327 701 mutari,
2376 624 2469 689 ita
2512 625 2585 688 ut
2630 625 2871 691 nullum
2907 627 3154 708 tempus
3184 625 3495 708 reliquum

584 741 669 804 sit
712 739 777 803 in
826 739 916 802 eis
963 756 1120 820 quae
1169 739 1205 821 g
1259 741 1420 802 12—-
1440 741 1516 804 19
1563 740 1913 818 narrantur,
1964 739 2066 804 cui
2110 739 2395 823 adaptari
2456 741 2657 822 possit
2718 742 2883 824 quod
2928 743 2966 825 g
3015 744 3098 806 25
3146 745 3213 808 et
3258 743 3344 808 26
3390 761 3495 806 ex—

585 851 931 936 1111199ὲῦ5).
987 853 1097 919 Sin
1131 855 1268 936 quis
1307 852 1466 918 uelit
1496 854 1655 918 hanc
1701 855 2052 920 sententiae
2100 857 2674 935 commutationem,
2724 875 2881 941 qnae
2914 877 2985 922 ex
3016 875 3259 923 annona
3288 857 3495 922 laxata

584 969 750 1035 facta
797 988 933 1034 esse
981 969 1230 1048 dicitur,
1279 969 1608 1052 posteriori
1652 970 1920 1052 tempori
1970 970 2137 1048 dare,
2202 971 2256 1035 is
2299 971 2590 1037 attendat
2634 975 2925 1056 suscepto
2972 991 3010 1037 a
3038 972 3317 1039 Demone
3362 972 3493 1037 sru-

585 1088 794 1150 mento
841 1085 1000 1149 nihil
1047 1085 1298 1150 omnino
1332 1084 1510 1150 Proti
1553 1084 1934 1163 interfuisse,
1985 1087 2202 1167 quanti
2248 1086 2333 1152 id·
2360 1086 2549 1152 uendi
2579 1089 2807 1170 posset.
2880 1089 3153 1154 Tantum
3194 1088 3267 1154 de
3300 1089 3493 1155 Proto

583 1203 648 1265 et
692 1201 990 1266 Demone.

759 1315 1108 1381 Redeamus
1155 1314 1235 1380 ad
1279 1315 1544 1380 Protum
1589 1318 1654 1380 et
1699 1315 2133 1381 Zenothemin.
2228 1317 2563 1384 Actionem
2626 1337 2748 1385 non
2800 1319 3005 1384 solum
3062 1320 3327 1385 Demoni
3385 1320 3495 1385 sed

585 1430 776 1496 etiam
834 1431 1024 1495 Proto
1049 1430 1426 1510 ,intendisse
1490 1430 1898 1496 Zenothemin
1962 1450 2151 1514 supra
2214 1433 2586 1516 significaui.
2680 1433 2912 1500 Mirum
2986 1427 3135 1500 sa'ne
3198 1455 3344 1500 eum
3402 1437 3493 1500 ita

585 1565 764 1610 nsum
811 1565 946 1610 esse
994 1565 1066 1611 eo
1114 1546 1364 1610 homine
1413 1564 1596 1627 quem
1653 1545 1730 1610 ad
1780 1565 2033 1611 causam
2094 1566 2272 1614 suam
2328 1550 2665 1630 perducere
2724 1549 2956 1628 uellet;
3020 1552 3245 1615 mirum
3300 1553 3493 1616 etiam

583 1681 658 1726 ne
707 1667 844 1726 tum
890 1661 1146 1742 quidem
1195 1661 1600 1726 Zenothemin
1647 1661 1760 1726 lite
1809 1661 2128 1728 destitisse
2186 1683 2329 1728 cum
2390 1666 2645 1730 Protum
2704 1667 3115 1734 conciliasset.
3208 1667 3330 1734 Sed
3389 1688 3493 1733 su-

585 1797 824 1842 mamus
871 1777 1034 1859 quod
1082 1779 1291 1842 orator
1337 1796 1460 1842 non
1507 1779 1640 1840 sine
1690 1776 1953 1860 quadam
2002 1781 2208 1861 specie
2262 1781 2395 1845 ueri
2454 1781 2646 1845 dixit:
2712 1783 2773 1846 in
2832 1784 3077 1848 actione
3136 1782 3493 1866 exequenda

581 1910 1009 1975 perseuerasse
1057 1891 1469 1956 Zenothemin
1517 1892 1632 1956 hac
1677 1893 1918 1958 ratione
1966 1913 2043 1958 ne
2090 1895 2298 1960 subito
2345 1895 2651 1962 desistens
2698 1899 3070 1980 suspitiosus
3125 1901 3328 1976 esset;
3388 1918 3493 1964 eo-

582 2006 726 2072 dem
771 2007 1028 2072 consilio
1075 2007 1268 2072 etiam
1313 2009 1576 2072 Protum
1623 2010 2003 2074 concessisse
2060 2011 2131 2073 ut
2188 2010 2253 2074 in
2308 2013 2761 2078 contumaciam
2823 2012 3492 2098 condemna1·etur⁵⁸);

579 2125 649 2188 at
695 2123 1126 2205 relinquuntur
1172 2123 1328 2188 duae
1383 2122 1805 2189 difficultates.

758 2236 1034 2318 Quarum
1080 2239 1278 2303 altera
1327 2240 1422 2303 est
1469 2237 1546 2302 de
1591 2238 1726 2304 litis
1773 2259 2023 2324 genere.
2117 2239 2419 2321 Quamuis
2472 2244 2539 2306 in
2586 2261 2659 2306 eo
2707 2244 3101 2309 consentiant
3149 2243 3493 2310 Schaeferus

581 2355 646 2418 et
682 2340 1044 2436 'Philippius
1090 2355 1162 2418 ut
1206 2353 1592 2436 arbitrentur
1638 2353 1833 2419 etiam
1879 2355 2039 2420 hanc
2084 2355 2265 2420 litem
2313 2357 2747 2423 mercatoriam
2795 2357 2986 2424 fuisse
3044 2361 3109 2423 et
3162 2359 3227 2424 in
3282 2376 3354 2424 ea
3416 2359 3492 2425 de

581 2469 798 2535 eodem
845 2467 1159 2534 frumento
1205 2471 1413 2546 actum
1465 2487 1600 2534 esse
1659 2472 1846 2552 atque
1902 2471 1967 2535 in
2032 2470 2230 2535 altera
2253 2521 2267 2549 ‚
2335 2491 2493 2554 quae
2540 2475 2675 2538 erat
2734 2475 2898 2538 inter
2958 2474 3367 2540 Zenothemin
3428 2478 3494 2540 et

581 2585 939 2665 Demonem,
985 2587 1200 2651 tamen
1247 2583 1347 2650 hic
1393 2585 1787 2668 aliquatenus
1834 2605 1938 2651 eas
1984 2587 2151 2652 inter
2210 2605 2275 2651 se
2340 2586 2533 2653 fuisse
2600 2588 2879 2655 diuersas
2938 2590 3183 2655 statuit.
3277 2589 3490 2670 Qualis

580 2703 790 2767 autem
837 2703 980 2785 δίκη
1028 2697 1340 2786 ἐμπορικὴ
1388 2702 1599 2779 fuerit,
1646 2702 1779 2784 ipse
1826 2721 1892 2767 se
1944 2702 2229 2787 ignorare
2276 2704 2605 2769 confitetur
2652 2705 2764 2771 Ph.
2796 2702 2907 2790 ⁵⁷).
2988 2706 3117 2771 Iam
3170 2726 3317 2772 uero
3351 2725 3492 2772 cum

582 2816 860 2901 ἔγκλημα
905 2816 1084 2898 illud,
1133 2817 1296 2900 quod
1343 2818 1572 2882 scimus
1619 2818 1656 2901 ἕ
1705 2818 1786 2881 27
1839 2818 2172 2897 contineri,
2233 2838 2485 2903 prorsus
2540 2821 2667 2885 alia
2726 2821 2983 2899 habeat,
3050 2841 3205 2904 quae
3262 2823 3490 2887 abhor—

578 2934 760 2998 reant
821 2952 856 2998 a
913 2932 1134 2999 litibus
1195 2914 1616 3010 mercatoriiS,
1681 2952 1753 2999 eo
1816 2932 2100 3017 confugit
2156 2934 2509 3018 Philippius
2570 2938 2643 2999 ut
2706 2937 3114 3003 Zenothemin
3160 2942 3491 3021 postquam

579 3049 876 3113 frumenti
961 3047 1348 3131 possessione
1441 3048 1720 3114 deiectus
1800 3051 1967 3114 esset
2052 3051 2513 3116 accusationem
2606 3050 2781 3116 Proti
2869 3071 3121 3135 prorsus
3216 3055 3488 3120 mutasse

579 3166 792 3246 putet;
871 3164 1062 3229 uerba
1139 3164 1335 3249 igitur
1411 3164 1523 3229 illa
1584 3183 1813 3230 nouam
1879 3166 2038 3230 hanc
2114 3164 2218 3230 uel
2297 3166 2694 3232 immutatam
2771 3167 3233 3233 accusationem
3316 3170 3488 3234 exhi-

726 3446 796 3514 Μ)
835 3446 1142 3517 Philippius
1178 3466 1229 3517 p.
1269 3450 1376 3503 586
1422 3449 1535 3505 tale
1581 3450 1930 3505 interuallum
1982 3451 2149 3506 inseri
2208 3452 2326 3507 uult
2373 3456 2499 3522 post
2544 3450 2859 3522 πρόκλησιν,
2914 3454 2979 3508 de
3029 3470 3137 3522 qua
3172 3454 3204 3521 θ
3249 3454 3313 3508 18
3351 3455 3487 3524 agit.

581 3535 973 3590 Prouocatione
1011 3536 1112 3589 illa
1145 3553 1298 3593 usum
1350 3554 1464 3591 esse
1500 3538 1722 3592 Protum
1771 3538 1941 3609 probo
1980 3540 2273 3594 etiamnum
2324 3541 2504 3596 animo
2552 3542 2606 3595 in
2659 3542 2951 3597 Demonem
2997 3548 3055 3597 et
3098 3542 3260 3597 fideli.
3338 3542 3487 3609 Quod

581 3627 760 3678 autem
796 3628 988 3693 postea
1022 3625 1226 3679 Demon
1265 3630 1482 3680 coactus
1529 3630 1670 3681 esset
1719 3628 1833 3697 ipse
1881 3628 2205 3683 frumentum
2258 3630 2497 3699 accipere
2542 3635 2597 3685 et
2648 3630 2997 3685 Zenothemin
3042 3649 3103 3685 eo
3130 3632 3380 3707 ‘deicere
3434 3630 3489 3685 id

579 3728 692 3767 esse
729 3712 933 3767 factum
971 3712 1126 3767 Preti
1164 3715 1406 3784 perfidia,
1447 3716 1502 3768 in
1540 3732 1646 3785 qua
1682 3732 1828 3785 spem
1867 3732 2017 3770 suam
2057 3716 2390 3772 conlocasset
2425 3717 2767 3775 Zenothemis
2816 3736 3081 3789 quamque
3117 3720 3323 3775 Demon
3370 3737 3489 3791 per-

579 3802 911 3856 sentisceret.
983 3804 1106 3872 Ipse
1145 3817 1270 3856 uero
1307 3803 1651 3858 doctissimus
1689 3804 1783 3859 ille
1821 3806 1908 3859 uir
1946 3822 2007 3859 eo
2045 3806 2259 3861 nomine
2295 3810 2564 3862 oratorem
2604 3808 2897 3878 uituperat,
2952 3808 3095 3879 quod
3139 3810 3279 3863 hanc
3326 3809 3490 3863 fuisse

581 3906 792 3944 causam
831 3890 980 3965 illius
1017 3891 1096 3945 rei
1130 3908 1237 3945 non
1275 3891 1390 3961 ipse
1427 3891 1736 3948 indicasset.
1812 3893 1959 3959 Quae
1998 3895 2341 3965 reprehensio
2377 3896 2515 3951 mihi
2552 3896 2767 3967 quidem
2804 3898 2861 3951 in
2898 3898 3071 3969 ipsam
3106 3897 3375 3969 Philippii
3410 3900 3491 3953 in·

577 3981 1024 4048 terpretationem
1060 3980 1297 4036 recidere
1335 3981 1550 4036 uidetur
1587 3986 1778 4051 utpote
1815 3982 2149 4053 argutiorem
2188 3988 2244 4038 et
2280 4001 2417 4054 quae
2452 3986 2647 4040 mirum
2681 3989 2943 4056 quantum
2980 3987 3198 4042 recedat
3234 4003 3267 4041 a
3302 3986 3491 4042 uerbo-

580 4084 693 4122 rum
734 4068 765 4135 §
805 4068 872 4123 ‘20
911 4068 1280 4139 simplicitate.
1343 4068 1476 4137 Quis
1511 4087 1672 4141 porro
1709 4088 1813 4127 non
1849 4071 1983 4127 haec
2021 4074 2203 4127 omnia
2238 4088 2375 4143 quae
2412 4073 2536 4129 inde
2573 4090 2607 4128 a
2643 4076 2674 4142 9
2716 4076 2782 4129 18
2832 4092 2998 4146 usque
3036 4076 3105 4131 ad
3142 4076 3173 4144 9
3210 4077 3280 4131 20
3331 4093 3487 4146 expo-

579 4158 690 4211 sita
727 4158 1044 4213 continuo
1083 4158 1232 4213 facta
1281 4176 1394 4215 esse
1445 4158 1657 4215 credet:
1697 4160 1894 4215 Protus
1930 4159 2191 4216 deducere
2232 4163 2457 4216 conatur
2495 4162 2873 4229 Zenothemin3
2926 4163 3169 4219 declarat
3216 4164 3307 4219 hic
3351 4180 3407 4219 se
3456 4180 3489 4219 a

579 4245 730 4299 nullo
769 4244 958 4300 deduci
995 4262 1274 4316 passurum
1311 4246 1419 4300 nisi
1455 4264 1488 4301 a
1525 4247 1792 4313 Demone;
1830 4252 2091 4317 prouocat
2116 4248 2314 4305 Protus
2347 4250 2416 4305 ad
2444 4250 2803 4321 Syracusanos
2840 4253 3211 4322 magistratus,
3250 4270 3491 4323 perseue-

579 4337 668 4388 rat
703 4335 870 4389 Demo
908 4335 963 4389 in
1001 4351 1088 4401 eo,
1129 4335 1270 4405 quod
1307 4334 1549 4390 dixerat:
1589 4336 1792 4391 Demon
1832 4353 1961 4406 ergo
2000 4353 2033 4391 a
2062 4336 2229 4393 Proto
2255 4338 2583 4394 frumentum
2621 4341 2834 4410 accipit,
2876 4341 2990 4411 ipse
3014 4342 3361 4397 Zenothemin
3398 4342 3485 4397 de-

578 4423 742 4479 ducit.
822 4423 894 4493 ι”)
935 4424 967 4491 ὅ
1005 4424 1076 4479 26
1113 4427 1170 4479 et
1205 4424 1290 4478 27.
1371 4422 1442 4492 M)
1478 4442 1528 4494 p.
1570 4426 1692 4480 588.
