3876 5242
1557 162 1670 244 ’-
1769 198 2031 262 21-

339 393 708 478 explicanda
752 394 900 460 sunt
960 394 1032 459 ut
1085 396 1196 478 τῆς
1241 393 1562 470 πολιτείας
1614 387 1816 477 αὐτῆς
1867 395 2203 478 genetiuus
2260 412 2297 457 a
2356 393 2549 459 uerbo
2605 389 2904 477 ἐξέστηκα
2964 391 3257 476 pendeat,

345 506 422 576 τὰ
470 512 739 574 τοιαῦτα
783 509 870 576 sit
913 510 1303 575 accusatiuus
1349 527 1652 594 graecus:
1707 507 1904 574 »desii
1950 508 2209 575 dicendo
2258 504 2363 592 (τὰ
2408 508 2703 592 τοιαῦτα)
2755 510 2945 575 etiam
2977 508 3257 592 publicas

339 643 562 692 causas
609 644 793 711 agere
811 649 841 684 c
893 626 996 691 uel
1053 651 1082 684 »
1101 644 1178 690 ne
1225 624 1302 689 ad
1349 624 1632 708 publicas
1679 625 1930 708 quidem
1978 643 2196 690 causas
2242 643 2405 690 nunc
2436 624 2685 707 prodeo.
2705 650 2734 684 ‹
2810 625 2970 690 Utut
3000 628 3116 692 hoc
3162 627 3259 690 est

343 743 477 810 siue
525 759 666 806 cum
713 740 855 806 aliis
899 739 1086 823 'putas
1121 743 1278 806 haec
1323 740 1520 806 uerba
1563 759 1700 807 esse
1745 740 1975 806 mutila
2018 741 2153 806 siue
2198 759 2441 806 mecum
2488 741 2716 806 statuis
2762 759 2899 806 esse
2946 760 3019 806 ea
3063 761 3257 826 aeque

344 858 607 923 obscura
649 875 724 921 ac
769 856 970 922 multa
1015 857 1142 922 alia
1187 858 1251 921 in
1298 858 1414 922 hac
1460 857 1762 934 oratione,
1808 857 1871 921 id
1917 855 2083 939 quod
2128 856 2465 933 antecedit,
2500 856 2986 922 Demosthenem
3034 876 3107 922 ex
3139 876 3258 942 quo

343 973 624 1057 public-as
671 991 769 1038 res
815 976 1112 1050 curasset,
1179 973 1416 1038 nullam
1471 949 1788 1055 priuatam
1851 989 2102 1038 eausam
2160 971 2539 1050 defendisse,
2598 991 2675 1037 ne
2730 991 2950 1038 uerum
3008 973 3259 1056 quidem

343 1109 479 1157 esse
526 1091 708 1156 docet
752 1089 952 1155 oratio
999 1106 1109 1173 pro
1156 1088 1530 1155 Phormione
1551 1086 1662 1171 ⁶¹),
1730 1107 1911 1171 quam
1973 1107 2187 1154 omnes
2240 1088 2319 1153 ad
2374 1107 2567 1153 unum
2623 1088 3065 1155 Demosthenis
3120 1107 3257 1154 esse

341 1206 642 1274 iudicant.
736 1205 976 1270 Habita
1021 1205 1190 1270 enim
1234 1206 1386 1270 haec
1434 1205 1532 1269 est
1575 1223 1736 1270 anno
1783 1205 1914 1270 350
1960 1223 2018 1268 a.
2069 1202 2179 1270 Ch.
2228 1206 2469 1270 natum.
2562 1204 2771 1270 Facile
2828 1204 3051 1270 deinde
3113 1224 3258 1271 con-

343 1321 526 1390 cedes
574 1324 734 1388 hanc
777 1321 1218 1388 Demosthenis
1265 1321 1741 1399 excusationem,
1790 1321 2040 1386 etiamsi
2084 1339 2237 1385 uera
2283 1321 2465 1398 esset,
2528 1321 2743 1386 tamen
2798 1338 2933 1386 esse
2980 1320 3257 1397 futilem;
3300 1393 3305 1398 ,

341 1457 420 1504 an
467 1455 611 1503 eum
657 1438 1010 1502 statuamus
1055 1439 1189 1502 tam
1236 1436 1570 1520 superbum
1617 1435 1810 1502 fuisse
1856 1440 1948 1513 ut,
1996 1439 2326 1519 postquam
2371 1437 2437 1500 in
2482 1436 2835 1501 contionem
2867 1435 3117 1519 prodire
3164 1436 3258 1502 in-

343 1555 612 1636 cepisset
654 1552 1100 1637 dedignaretur
1144 1552 1211 1617 id
1253 1553 1506 1636 gratum
1552 1552 1756 1618 facere
1803 1551 2261 1636 consanguineo
2308 1571 2439 1631 suo,
2492 1552 2655 1635 quod
2700 1571 2883 1619 suum
2946 1569 3085 1617 esse
3146 1571 3258 1636 ag-

347 1670 630 1734 nosceret
675 1669 772 1733 his
815 1667 1070 1734 uerbis:
1135 1669 1198 1733 εἴ
1244 1691 1305 1733 τι
1353 1665 1504 1752 ἔχοι,
1555 1665 1822 1752 Δήμων,
1879 1664 2003 1751 ἐγώ
2061 1664 2311 1752 ποιήσω
2365 1664 2485 1752 μὲν
2532 1662 2619 1745 ὥς
2675 1663 2761 1734 ἄν
2816 1665 2898 1734 σύ
2954 1663 3217 1754 κελεύῃς
3242 1690 3256 1703 ·

347 1783 474 1848 καὶ
532 1779 677 1867 γὰρ
739 1779 835 1848 ἄν
896 1780 1158 1879 δεινὸν
1209 1783 1350 1868 εἴη,
1401 1784 1512 1850 aut
1575 1803 1790 1867 parum
1851 1785 2207 1868 eloquentia
2272 1805 2387 1852 sua
2441 1785 2673 1850 fretum
2733 1786 2807 1850 ut
2866 1803 2945 1849 ne
3002 1792 3260 1868 parua'm

341 1899 594 1984 quidem
642 1900 1040 1983 συνηγορίαν
1087 1903 1256 1966 recte
1301 1899 1660 1966 additurum
1705 1917 1843 1966 esse
1889 1899 2260 1980 confideret,
2309 1903 2537 1985 quippe
2597 1901 2709 1984 qui
2758 1920 2937 1965 usum
2998 1900 3259 1966 iudicio-

343 2035 480 2080 rum
529 2013 934 2082 dedidicisset
955 2017 986 2080 9
1057 2015 1216 2084 Sunt
1262 2016 1460 2101 igitur
1499 2018 1654 2083 haee
1700 2035 1943 2100 quoque
1993 2018 2201 2082 omnia
2246 2019 2356 2083 aut
2402 2019 2667 2083 obscura
2714 2017 2823 2081 aut
2868 2015 3261 2082 incredibilia

345 2131 458 2196 aut
501 2132 712 2214 aperte
757 2131 936 2198 falsa.

525 2407 670 2472 Tria
711 2409 858 2472 sunt
903 2427 1059 2490 quae
1101 2409 1295 2473 statui
1336 2409 1578 2490 possint
1617 2407 1692 2472 de
1732 2409 2031 2472 orationis
2074 2409 2256 2474 huius
2295 2411 2575 2474 auctore:
2623 2412 2733 2474 aut
2774 2409 3259 2475 Demosthenem

342 2541 480 2588 eam
527 2523 845 2607 scripsisse
887 2526 999 2588 aut
1035 2524 1377 2589 Demonem
1419 2523 1592 2590 cuius
1633 2543 1817 2589 causa
1853 2525 2065 2608 agitur
2104 2526 2215 2589 aut
2253 2524 2447 2589 alium
2494 2526 2811 2590 hominem
2855 2525 3035 2589 nobis
3078 2523 3259 2609 igno-

338 2643 497 2705 tum.
591 2640 736 2707 Siue
783 2641 1270 2725 Demosthenem
1333 2643 1516 2725 putas
1571 2641 1762 2708 fuisse
1824 2641 1957 2708 siue
2006 2642 2351 2707 Demonem
2416 2641 2631 2706 habita
2686 2641 2879 2706 fuerit
2920 2624 2993 2705 in'
3033 2641 3259 2707 iudicio

345 2776 590 2825 necesse
637 2760 768 2835 est3
835 2757 934 2822 sin
993 2757 1153 2823 alius
1199 2758 1464 2823 hominis
1511 2760 1634 2836 est,
1706 2759 1817 2823 aut
1871 2758 2171 2840 patronus
2231 2758 2353 2823 fuit
2408 2756 2514 2822 ille
2572 2758 2901 2835 Demonis,
2973 2757 3038 2823 in
3084 2756 3259 2822 cuius

345 2892 524 2938 usum
570 2874 916 2940 orationem
962 2874 1248 2957 scripsit,
1321 2876 1393 2938 ut
1451 2875 1609 2939 item
1666 2890 1876 2938 ueram
1938 2891 2187 2939 causam
2246 2872 2437 2939 fuisse
2486 2875 2759 2952 statuas,
2831 2875 2961 2939 aut
3007 2875 3259 2939 rhetor

341 2988 462 3054 uel
515 2991 848 3073 sophista
902 2992 1022 3073 qui
1080 3008 1373 3054 eausam
1420 2989 1671 3053 finxit.

518 3105 576 3170 A
609 3105 1027 3171 Demosthene
1063 3106 1378 3171 oratorum
1410 3105 1687 3188 principe
1719 3106 2189 3172 abiudicandam
2227 3126 2364 3173 esse
2400 3109 2741 3173 orationem
2777 3105 3261 3172 obscuritatibus

343 3221 625 3287 artificiis
671 3222 924 3304 ineptiis
981 3222 1322 3286 scatentem
1382 3221 1630 3305 longius
1677 3221 2103 3287 demonstrare
2150 3241 2221 3287 eo
2270 3222 2470 3307 magis
2517 3210 2922 3303 supersedeo,
2988 3219 3152 3304 quod
3196 3222 3259 3285 in

341 3338 457 3403 hac
503 3336 816 3403 sententia
875 3337 1276 3403 consentiunt
1320 3337 1669 3420 quicunque
1727 3338 2181 3403 recentioribus
2238 3337 2621 3420 temporibus
2668 3336 3017 3402 accuratius
3064 3336 3139 3401 de
3188 3354 3262 3400 ea

343 3455 607 3538 egerunt
652 3456 716 3518 et
773 3454 820 3518 Ι.
873 3454 1298 3519 Herrmannus
1320 3450 1406 3536 θ’)
1455 3455 1522 3519 et
1581 3452 1922 3518 Schaeferus
1985 3454 2051 3519 et
2111 3454 2482 3538 Philippius.
2578 3454 2808 3517 Eorum
2870 3452 3260 3536 argumentis

339 3570 528 3635 liceat
587 3569 814 3635 addere
875 3568 1173 3633 nonnulla
1230 3569 1305 3634 de
1361 3569 1656 3652 loquendi
1719 3588 1969 3655 genere.
2065 3570 2243 3649 Quod
2297 3569 2533 3635 factum
2594 3571 2691 3634 est
2745 3570 2782 3651 g
2836 3569 3127 3647 14-16,
3190 3570 3263 3632 ut

337 3687 529 3752 uerba
589 3686 851 3752 aliorum
911 3686 1152 3751 directa
1214 3686 1493 3751 oratione
1547 3684 1959 3766 referrentur,
2026 3686 2347 3769 proprium
2402 3683 2653 3768 quidem
2709 3687 2824 3750 hoc
2886 3687 2984 3750 est
3049 3701 3261 3749 earum

339 3802 687 3868 orationum
754 3820 910 3886 quae
971 3800 1426 3883 Apollodoreae
1470 3802 1894 3879 nominantur,
1955 3802 2247 3866 abhorret
2290 3803 2503 3866 autem
2545 3819 2582 3865 a
2620 3800 3101 3865 Demosthenico
3142 3818 3261 3867 usu

341 3918 464 3983 nisi
509 3918 574 3983 in
619 3918 805 3984 rebus
853 3916 1211 4001 grauissimi
1257 3914 1683 4002 momenti.⁶³)
1732 3916 1895 3982 Miro
1938 3917 2127 3982 etiam
2173 3917 2419 3982 dicendi
2459 3935 2687 4001 genere
2727 3934 2877 3981 usus
2924 3918 3021 3981 est
3066 3914 3261 3996 scrip-

341 4036 443 4099 tor
484 4033 547 4096 in
577 4034 674 4099 his
709 4034 974 4118 singulis
1006 4034 1177 4111 lociS,
1225 4034 1261 4117 ἓ
1305 4038 1422 4099 10:
1471 4029 1590 4109 οὓς
1621 4027 1761 4099 οὐδ’
1809 4026 1992 4116 ὑμεῖς
2037 4026 2381 4117 ἄγνοήσετε
2430 4028 2749 4108 ἰδόντες.
2822 4031 2913 4097 De
2947 4030 2983 4115 ξ
3021 4033 3101 4096 11
3137 4032 3261 4096 iam

491 4282 564 4351 ⁶¹)
611 4282 802 4338 Oratio
850 4283 935 4337 35.
1013 4280 1084 4349 θ’)
1131 4300 1172 4335 s.
1219 4282 1584 4337 Herrmannus
1631 4283 1688 4337 in
1733 4281 1921 4337 libello
1978 4282 2069 4352 qui
2126 4283 2415 4351 inscriptus
2462 4283 2573 4336 est:
2633 4280 2721 4336 die
2767 4278 3260 4351 paragraphiscben

345 4370 524 4427 Reden
563 4370 656 4425 des
692 4370 1096 4427 Demosthenes.
1174 4369 1248 4440 θ’)
1293 4370 1432 4426 Vide
1469 4370 1734 4441 Lortaing
1779 4370 1844 4427 de
1895 4371 2233 4427 orationibus
2282 4386 2420 4441 quas
2468 4370 2856 4425 Demosthenes
2900 4385 2998 4440 pro
3044 4367 3261 4439 Apollo-

346 4460 477 4515 doro
516 4460 790 4530 scripsisse
828 4460 1002 4516 fertnr
1037 4478 1088 4531 p.
1126 4462 1212 4515 41.
