3876 5242
389 442 456 490 re
504 441 656 489 uera
703 420 864 488 illud
909 423 1098 498 esset,
1147 419 1439 486 audirent
1483 422 1592 486 aut
1638 439 1711 486 ex
1740 421 1934 486 Proto
1981 419 2116 503 ipso
2164 420 2275 484 aut
2322 437 2395 482 ex
2438 416 2962 501 magistratibus:
3009 415 3173 500 apud
3203 434 3310 482 eos

391 539 578 618 enim,
625 538 732 620 qui
777 536 1076 604 emebant
1119 535 1527 615 frumentum,
1573 554 1799 606 nomeu
1846 534 2095 601 dedisse
2140 533 2274 617 ipse
2320 533 2528 599 orator
2572 533 2788 598 auctor
2834 532 2933 596 est
2954 529 3059 615 ¹⁸).

1775 703 1927 828 111ss

571 908 696 976 Sed
749 908 960 973 missis
1024 907 1123 972 his
1187 905 1682 973 dubitationibus
1745 906 2234 972 conscendamus
2292 907 2504 990 potius
2564 925 2705 972 cum
2766 906 2994 973 ceteris
3054 923 3307 980 nauemz

395 1025 845 1110 perlustramus
907 1025 1054 1088 ante
1122 1022 1332 1089 omnia
1391 1022 1637 1088 itineris
1709 1023 1993 1088 comites,
2086 1019 2337 1087 Adsunt
2408 1039 2561 1104 quos
2629 1022 2757 1086 iam
2822 1021 3107 1086 nouimus
3176 1021 3307 1085 He-

388 1141 708 1226 gestratus
753 1136 1044 1204 dominus
1089 1138 1268 1203 nauis
1314 1139 1378 1204 et
1419 1137 1848 1214 Zenothemis3
1892 1137 1985 1216 hi,
2032 1156 2173 1203 cum
2218 1136 2285 1202 in
2330 1135 2720 1222 syngraphiS,
2772 1155 2925 1219 quas
2955 1155 3069 1220 per
3100 1135 3307 1201 dolum

393 1255 689 1335 fecerant,
751 1254 1055 1338 scriptum
1106 1254 1306 1332 esset,
1376 1253 1540 1336 quod
1587 1251 1856 1332 solebat,
1919 1250 2301 1319 reddendam
2357 1271 2513 1331 esse,
2580 1253 2634 1318 si
2697 1253 2875 1317 nauis
2936 1252 3307 1335 superesset,

387 1371 719 1455 pecuniam
749 1367 855 1454 ¹⁹),
903 1369 1032 1434 iam
1062 1368 1330 1452 pecunia
1372 1367 1440 1433 in
1473 1368 1679 1434 locum
1719 1368 1930 1434 tutum
1960 1367 2282 1444 translata,
2320 1367 2629 1451 quomodo
2674 1386 2902 1433 nauem
2946 1368 3310 1451 submerge-

387 1489 530 1552 rent
573 1486 700 1569 ipsi
744 1483 1103 1562 incolumes,
1155 1483 1317 1550 clam
1362 1485 1584 1550 ineunt
1629 1484 1979 1550 consilium.
2049 1483 2221 1549 Inter
2266 1482 2510 1549 itineris
2556 1483 2759 1549 socios
2791 1482 3015 1549 deinde
3047 1483 3307 1548 Protum

393 1601 585 1667 fuisse
631 1619 776 1665 cum
819 1599 1134 1666 frumento
1181 1618 1291 1666 sno
1339 1601 1406 1665 et
1450 1601 1930 1666 consentaneum
1995 1601 2093 1664 est
2147 1599 2214 1664 et
2258 1618 2331 1664 ex
2378 1616 2448 1663 eo
2512 1598 2853 1683 conligitur
2912 1599 3074 1681 quod
3132 1601 3306 1681 post-

393 1734 578 1800 quam
637 1715 815 1780 nauis
867 1715 1152 1780 Athenas
1212 1713 1501 1795 aduenit,
1565 1733 1706 1780 cum
1767 1713 2215 1781 Zenothemide
2278 1716 2493 1780 statim
2552 1716 2838 1780 narratur
2874 1715 3175 1809 'certasse
3192 1712 3305 1798 ¹⁰).

391 1832 587 1897 Erant
630 1831 799 1896 inter
843 1849 952 1896 eos
997 1830 1348 1914 complures
1395 1831 1821 1896 Massilienses
1840 1827 1866 1867 ²
1881 1829 1928 1914 ι)
1946 1879 1963 1908 ,
2022 1832 2203 1897 erant
2260 1831 2479 1896 deinde
2535 1830 2647 1898 alii
2692 1829 2947 1914 quidam
2963 1879 2980 1908 ,
3046 1849 3307 1914 quorum

389 1948 550 2014 alter
592 1947 656 2012 in
705 1947 744 2031 5
797 1948 899 2026 15,
947 1945 1112 2012 alter
1156 1947 1194 2030 5
1239 1947 1322 2012 16
1368 1945 1630 2028 loquens
1675 1946 2009 2014 inducitur.
2088 1946 2181 2013 De
2228 1947 2327 2012 his
2374 1947 2569 2031 igitur
2613 1946 2789 2012 nulla
2832 1945 3145 2014 dubitatio
3192 1946 3307 2012 est.

390 2064 651 2129 Praeter
695 2081 802 2128 eos
847 2079 998 2128 uero
1045 2061 1464 2146 Syracusanos
1512 2081 1754 2145 quoque
1800 2061 2143 2129 creditores
2190 2064 2255 2128 et
2300 2063 2669 2147 Hegestrati
2732 2064 2798 2127 et
2841 2060 3309 2128 Zenothemidis

393 2196 620 2244 nauem
667 2175 1099 2244 conscendisse
1145 2175 1504 2260 Philippius
1552 2181 1766 2242 censet
1787 2175 1897 2261 θ’).
1990 2177 2141 2244 Veri
2200 2177 2408 2243 simile
2462 2177 2581 2244 hoc
2634 2177 2887 2244 uidetur
2938 2176 3177 2247 duabus
3232 2195 3307 2242 ex

397 2293 629 2359 causis:
675 2293 948 2376 primum
993 2293 1164 2357 enim
1210 2292 1346 2357 fieri
1391 2291 1654 2370 solebat,
1701 2294 1776 2358 ut
1817 2292 1883 2357 in
1929 2293 2021 2358 eis
2064 2294 2285 2376 pactis,
2344 2312 2499 2377 quae
2546 2295 2726 2358 erant
2782 2293 2873 2370 εἰς
2918 2288 3309 2376 ἑτερόπλουν

395 2411 538 2492 (hoc
581 2409 718 2475 loco
765 2427 840 2474 ex
884 2407 1208 2492 Syracusis
1240 2406 1576 2493 Athenas),
1625 2408 1965 2474 creditores
2010 2409 2132 2492 ipsi
2178 2409 2397 2474 eadem
2446 2427 2603 2474 naue
2648 2409 2712 2475 in
2758 2409 2933 2506 illum
2974 2408 3184 2473 locum
3230 2406 3307 2472 de

389 2543 512 2608 quo
560 2523 957 2590 conuenisset
999 2525 1400 2603 ueherentur,
1449 2522 1557 2588 ubi
1588 2524 1808 2590 statim
1839 2526 2077 2590 sortem
2124 2543 2261 2590 cum
2294 2525 2500 2590 usuris
2545 2522 3038 2608 acciperent²⁸);
3087 2521 3309 2590 deinde

387 2642 723 2707 narrantur
765 2640 834 2706 in
879 2641 1164 2707 oratione
1209 2642 1426 2707 nostra
1471 2640 1810 2706 creditores
1857 2640 1953 2707 illi
2002 2641 2095 2725 (οἱ
2136 2640 2461 2707 δανεισταὶ
2514 2636 2588 2706 τὸ
2636 2640 2701 2721 ἐξ
2748 2636 2949 2727 ἀρχῆς
3001 2638 3309 2725 ἐξηπατη-

389 2754 574 2839 μένοι
591 2754 682 2841 ²⁴)
730 2754 1169 2822 Zenothemidi
1213 2755 1278 2821 in
1325 2756 1556 2822 iudicio
1607 2755 1882 2823 adfuisse
1945 2758 2017 2821 ut
2072 2758 2179 2841 qui
2223 2759 2393 2841 ipsos
2440 2756 2791 2840 decepisset
2833 2776 2976 2822 eum
3020 2757 3089 2821 in
3137 2756 3307 2821 deci-

389 2872 614 2955 piendo
673 2872 952 2938 Demone
1011 2870 1399 2938 adiuuarent.
1493 2870 1731 2952 Quodsi
1783 2872 1848 2937 in
1905 2871 2137 2938 iudicio
2190 2872 2553 2953 adfuerunt,
2618 2872 2900 2957 sequitur
2952 2874 3144 2940 etiam
3202 2892 3307 2939 eos

390 3007 530 3053 cum
579 2985 1028 3053 Zenothemide
1075 2987 1424 3070 ceterisque
1477 2988 1545 3053 in
1599 2986 1819 3053 eadem
1873 3006 2033 3053 naue
2081 2986 2365 3054 Athenas
2427 2989 2707 3067 uenisse;
2768 3008 2873 3055 eos
2930 2990 3099 3055 enim
3152 3006 3306 3072 quo-

387 3104 596 3169 minus
642 3104 996 3169 statuamus
1039 3104 1260 3186 postea
1304 3101 1556 3168 demum
1603 3103 1682 3167 ab
1730 3101 2223 3169 Atheniensibus
2268 3104 2487 3169 amicis
2519 3103 2597 3171 de
2627 3104 2901 3187 periculo
2948 3105 3133 3169 rebus
3178 3105 3307 3169 suis

391 3216 757 3283 imminente
801 3217 1075 3283 monitos
1109 3216 1395 3283 Athenas
1441 3236 1578 3285 sese
1625 3217 1985 3296 contulisse,
2034 3220 2282 3285 obstare
2313 3220 2565 3285 uidetur
2593 3238 2857 3302 paruum
2902 3220 3085 3285 unius
3130 3238 3307 3285 men·

394 3331 480 3397 sis
525 3332 817 3415 spatium,
863 3332 1026 3415 quod
1071 3332 1293 3399 litibus
1339 3333 1728 3400 mercatoriis
1771 3334 1838 3399 in
1884 3335 2005 3400 hac
2048 3336 2203 3401 urbe
2250 3352 2615 3401 concessum
2659 3338 2815 3402 erat.

569 3444 708 3512 Vna
751 3448 947 3531 igitur
989 3448 1384 3514 uehebantur
1429 3448 1646 3515 eodem
1692 3450 1947 3534 nauigio
1994 3451 2060 3516 et
2103 3451 2333 3517 Protus
2386 3452 2454 3515 et
2511 3452 2931 3535 Hegestratus
2986 3451 3051 3515 et
3106 3450 3303 3517 Zeno-

387 3561 620 3627 themis
667 3563 734 3629 et
776 3561 1141 3647 Hegestrati
1188 3564 1255 3629 et
1285 3564 1752 3631 Zenothemidis
1799 3565 2163 3645 creditorem
2209 3566 2276 3631 in
2322 3567 2544 3632 eodem
2577 3567 2831 3652 nauigio
2863 3568 2999 3633 erat
3028 3566 3303 3633 frumen-

387 3672 548 3755 tum,
613 3677 780 3762 quod
839 3680 1080 3745 emerat
1143 3678 1394 3758 Protus,
1451 3679 1616 3763 quod
1671 3698 1853 3745 suum
1913 3700 2049 3747 esse
2112 3682 2525 3751 creditoribus
2561 3660 2713 3749 'suis
2774 3682 3112 3748 ementitus
3171 3684 3308 3747 erat

387 3794 805 3879 Hegestratus
853 3794 1322 3863 Zenothemidis
1367 3797 1729 3864 testimonio
1775 3815 1947 3877 usus,
1994 3816 2176 3863 suum
2226 3816 2365 3865 esse
2416 3798 2613 3866 etiam
2659 3797 3057 3865 Zenothemis
3110 3796 3307 3880 ipsius

534 4107 602 4179 ¹⁸)
638 4111 671 4179 5
712 4111 808 4167 18:
847 4105 936 4165 ini
968 4112 1074 4181 τὴν
1109 4106 1286 4181 ἀρχὴν
1319 4110 1423 4181 τὴν
1457 4114 1568 4167 ταῖν
1605 4113 1985 4181 Συρακοσίων,
2022 4104 2127 4167 κᾶν
2148 4110 2249 4181 μὲν
2285 4108 2590 4181 ἐωνημένος
2614 4114 2715 4169 τὸν
2744 4117 2893 4167 σῖτον
2928 4109 3135 4177 ἐκεῖνος
3170 4117 3299 4175 φαί-

385 4218 546 4269 νηται
583 4198 676 4253 καὶ
713 4197 782 4255 τὰ
818 4198 944 4269 τέλη
981 4202 1203 4269 κείμενα
1238 4196 1448 4257 ἐκείνου
1483 4201 1576 4257 καὶ
1613 4200 1715 4266 τὰς
1747 4200 1910 4269 τιμὰς
1944 4196 1977 4258 ὁ
2015 4200 2257 4257 διαλύων
2292 4198 2497 4266 ἐκεῖνος
2530 4206 2588 4257 et
2622 4220 2672 4273 q.
2712 4218 2858 4274 seqq.
2921 4203 2989 4273 ¹⁰)
3026 4204 3058 4272 5
3096 4206 3157 4259 5:
3201 4219 3302 4257 σω·

386 4289 576 4359 θείοις
605 4290 706 4358 τῆς
742 4291 880 4353 νεὸς
918 4286 1230 4346 sinodice&
1263 4292 1334 4347 τὰ
1367 4291 1635 4361 χρήματα.
1695 4291 1766 4361 2⁰)
1805 4293 1837 4361 5
1868 4293 1951 4347 14.
2011 4290 2080 4360 ²¹)
2117 4292 2149 4360 5
2186 4292 2247 4347 8:
2282 4290 2420 4358 μετὰ
2455 4291 2567 4344 τῶν
2604 4292 3019 4346 Μασσαλιωτῶν
3053 4292 3163 4346 τόν
3199 4292 3300 4347 τοῦ

388 4371 742 4448 Ἡγεστράτου
777 4380 1034 4435 vomuit.
1091 4378 1164 4451 ²²)
1200 4380 1510 4452 Philippins
1544 4398 1596 4452 p.
1624 4380 1748 4437 5⁴79.
1805 4379 1878 4450 ⁸⁸)
1913 4378 2187 4436 Aduersus
2223 4381 2601 4437 Phormionem
2638 4382 2671 4451 5
2711 4382 2759 4447 7,
2798 4382 2830 4450 5
2866 4380 2951 4447 23,
2989 4398 3121 4453 quos
3156 4382 3301 4439 locos

386 4465 696 4541 Philippius
730 4467 1002 4527 adhibuit.
1077 4468 1150 4539 ²⁴)
1187 4472 1220 4541 5
1263 4470 1346 4525 12.
