3876 5242
1897 135 2331 200 ...22-

643 329 938 394 diximus.
1005 329 1044 410 g
1083 331 1194 394 15:
1244 323 1372 411 ἔφη
1415 327 1517 392 καὶ
1567 323 1838 412 ἀναιδὴς
1885 317 1967 412 ἦν
2016 327 2413 402 »adfirmauit
2456 331 2523 394 et
2568 329 2934 412 impudens<
2982 333 3119 395 erat
3148 349 3259 413 pro
3294 349 3369 395 eo
3401 330 3567 414 quod

649 447 778 508 est:
839 439 1054 518 οὕτως,
1100 438 1370 525 ἀναιδὴς
1421 431 1506 526 ἦν
1551 439 1711 508 ὥστε
1749 440 2021 526 φάναια.
2092 444 2413 510 Poeticum
2462 447 2577 511 hoc
2618 447 2717 510 est
2762 447 2797 530 ἕ
2848 447 2961 510 24:
3011 448 3331 511 τοσοῦτον
3378 441 3573 511 οἶνον

653 557 870 624 ἔπινεν
931 553 1090 623 ὥσθ’
1149 555 1378 640 ὅμοιον
1433 553 1599 624 εἶναι
1651 560 1926 647 μανίᾳ,
1996 559 2107 625 ubi
2171 561 2493 642 expectes:
2564 558 2913 643 μανέντι.
3006 561 3393 627 Perobscura
3458 562 3575 626 illa

653 677 690 758 g
745 676 857 738 19:
921 671 991 738 ἐν
1036 677 1126 762 τῷ
1172 675 1376 762 πλοίῳ
1420 670 1540 758 τὴν
1585 671 1973 760 συγγραφὴν
2015 673 2228 752 ἔθετο,
2291 677 2399 741 ubi
2454 677 2697 742 nescias
2752 677 2967 742 utrum
3027 676 3332 742 τίθεσθαι
3374 678 3577 742 uerbo

653 791 826 856 notio
873 789 1330 854 conficiendi
1391 810 1470 855 an
1531 789 1955 873 deponendi
1998 791 2169 857 insit.
2262 790 2501 872 Quibus
2546 791 2705 858 adde
2760 791 2921 858 illud
2964 793 3033 858 in
3088 791 3211 859 fine
3256 792 3574 875 positum:

655 901 816 970 ἀλλὰ
859 905 968 970 καὶ
1012 901 1092 971 τὰ
1135 908 1403 971 τοιαῦτα
1447 907 1564 990 τῆς
1605 907 1928 983 πολιτείας
1974 903 2290 991 ἐξέστηκα.

831 1021 1116 1088 Alteram
1159 1023 1357 1105 igitur
1393 1022 1663 1104 amplexi
1703 1025 1851 1087 sunt
1887 1023 2265 1088 sententiam
2296 1021 2641 1089 Schaeferus
2672 1025 2740 1089 et
2768 1023 3127 1106 Philippius
3156 1023 3233 1088 ut
3260 1023 3581 1089 Demoni

653 1137 769 1221 ipsi
815 1139 1185 1203 tribuerent.
1248 1136 1363 1203 Cui
1409 1137 1757 1204 sententiae
1804 1139 1858 1204 si
1905 1137 2193 1216 accedas,
2242 1139 2595 1221 improbum
2642 1138 2959 1206 hominem
3004 1141 3346 1206 Demonem
3388 1139 3581 1206 illum

653 1253 844 1319 fuisse
893 1254 1293 1320 statuendum
1341 1255 1456 1318 est.
1549 1254 2141 1319 Iniustissimam
2188 1255 2381 1319 enim
2428 1257 2623 1320 hanc
2670 1273 2865 1338 quae
2910 1253 3360 1321 defenditur
3406 1275 3580 1321 cau-

653 1389 804 1434 sam
851 1369 1104 1434 fuisse
1163 1370 1354 1434 etiam
1403 1369 1748 1436 Schaeferus
1801 1369 2001 1435 sensit
2044 1369 2151 1452 qui
2196 1369 2435 1436 diceret
2478 1389 2621 1456 pag.
2671 1371 2833 1436 2952
2902 1372 3012 1436 aut
3054 1371 3403 1436 Demonem
3448 1389 3577 1436 una

653 1503 794 1550 cum
845 1485 1030 1550 Proto
1077 1484 1512 1552 Zenothemidi
1557 1485 1816 1551 insi-dias
1863 1485 2160 1549 struxisse
2208 1487 2317 1550 aut
2362 1485 2527 1568 quod
2569 1486 2705 1552 ueri
2750 1487 3021 1552 similius
3068 1505 3204 1553 esse
3250 1486 3577 1552 uideretur

651 1601 860 1684 ipsum
909 1601 1249 1666 Demonem
1311 1599 1638 1684 deceptum
1696 1600 1887 1665 fuisse
1933 1618 1973 1664 a
2016 1599 2227 1668 Proto.
2320 1601 2457 1666 Hoc
2504 1601 2803 1668 uidelicet
2855 1601 3141 1667 additum
3186 1603 3261 1666 ut
3304 1601 3579 1666 Demoni

655 1717 1048 1800 parceretur;
1107 1715 1219 1781 sed
1277 1716 1547 1782 frustra:
1613 1735 1754 1781 cum
1809 1717 1975 1780 enim
2033 1716 2275 1781 Demon
2330 1716 2461 1799 ipse
2516 1717 2775 1784 Protum
2831 1717 3135 1800 perfidum
3182 1735 3320 1784 esse
3364 1717 3541 1782 dicat
3560 1767 3576 1795 ‚

655 1833 774 1897 hac
805 1851 872 1897 re
905 1833 1122 1914 culpae
1159 1833 1224 1897 in
1257 1833 1665 1898 Zenothemin
1697 1833 2065 1897 commissae
2104 1850 2227 1898 non
2267 1832 2649 1898 absoluitur:
2696 1833 2942 1916 quando
2980 1833 3229 1917 quidem
3262 1833 3574 1918 flagitium

659 1949 758 2013 est
799 1949 864 2012 te
895 1948 974 2012 ab
1019 1947 1142 2012 alio
1173 1949 1503 2030 deceptum
1550 1966 1628 2012 ne
1677 1945 1973 2012 damnum
2018 1948 2138 2013 tibi
2181 1948 2487 2013 inferatur
2530 1951 2925 2014 innocentem
2972 1950 3291 2015 hominem
3334 1949 3580 2014 calum-

655 2065 778 2129 niis
825 2064 1166 2147 implicare.
1259 2065 1515 2130 Meras
1560 2067 1809 2130 autem
1860 2065 2291 2130 calumnias
2354 2083 2517 2130 esse
2577 2083 2767 2146 quae
2816 2063 3338 2130 Zenothemidi
3394 2065 3583 2130 obi-

657 2181 1011 2260 ciuntur,
1078 2181 1649 2262 comprobatur
1711 2180 1790 2246 et
1847 2181 2261 2245 multarum
2322 2199 2567 2245 rerum
2616 2198 2811 2262 quae
2858 2181 3265 2245 narrantur
3310 2181 3585 2246 incre-

658 2294 1062 2362 dibilitate
1125 2298 1203 2361 et
1263 2297 1597 2362 omnium
1655 2296 2299 2362 testimoniorum
2362 2298 2435 2360 et
2498 2295 3141 2361 documentorum
3188 2295 3581 2360 absentia.

575 2421 578 2424 ’
657 2412 906 2477 Fecisse
953 2412 1149 2496 igitur
1200 2411 1514 2494 putandus
1571 2414 1736 2477 esset
1789 2412 1853 2477 id
1907 2412 2111 2494 ipsum
2168 2410 2408 2476 Demon
2470 2410 2633 2494 quod
2690 2411 2847 2476 uitio
2902 2410 3098 2476 uertit
3162 2410 3585 2476 creditoribus

659 2527 1122 2592 Zenothemidis
1169 2529 1206 2610 g
1260 2530 1337 2594 12
1386 2529 1484 2593 his
1531 2526 1768 2593 uerbis:
1839 2523 1919 2592 ὃν
1978 2527 2151 2592 ἴσασι
2198 2521 2607 2610 ψευδόμενον
2661 2529 2862 2591 ταῦτα
2915 2521 3067 2591 καθ’
3118 2521 3317 2610 ἡμῶν,
3364 2523 3585 2614 τούτῳ

659 2645 985 2709 συνδικεῖν
1031 2639 1498 2726 ἀναγκάζονται
1544 2646 1662 2709 τοῦ
1708 2640 2155 2727 συμφέροντος
2195 2640 2381 2708 ἕνεκα
2424 2646 2543 2709 τοῦ
2590 2639 2860 2709 ἑαυτῶν.
2951 2639 3186 2723 Quodsi
3229 2642 3307 2707 de
3354 2661 3585 2727 excep-

657 2760 828 2825 tione
875 2762 1010 2842 ipsa
1031 2757 1118 2842 ⁸⁴)
1181 2759 1497 2844 Philippio
1556 2759 1870 2825 adsentior
1928 2758 2273 2823 Demonem
2332 2761 2547 2823 contra
2601 2757 2980 2823 Schaeferum
3038 2730 3396 2823 defendenti
3414 2806 3431 2835 ‚
3500 2758 3583 2823 de

659 2876 883 2941 ceteris
930 2874 1218 2940 omnibus
1260 2893 1414 2959 quae
1457 2876 1656 2940 oratio
1703 2875 1980 2939 continet
2018 2875 2083 2938 in
2125 2875 2436 2939 contraria
2482 2874 2657 2939 abeo.
2708 2873 3074 2953 Causarum,
3122 2874 3329 2957 inquit
3356 2874 3467 2939 ille
3486 2872 3580 2957 ⁶⁵)

659 3010 738 3056 ne
786 3009 896 3056 nos
941 3009 1190 3056 causam
1237 3010 1394 3075 quae
1441 2990 1520 3056 ab
1568 2990 1769 3055 altera
1813 2990 1990 3073 parte
2046 2991 2389 3073 exponatur
2435 2989 2863 3055 diiudicemus.
2940 2990 3031 3056 At
3078 3008 3193 3073 ego
3241 2990 3358 3056 hoc
3404 2988 3580 3055 dico:

660 3126 816 3191 quae
864 3126 1048 3174 causa
1093 3108 1224 3171 tam
1270 3106 1485 3171 inusta
1530 3123 1664 3171 esse
1713 3092 2003 3171 uideatur
2050 3123 2123 3169 ex
2170 3104 2448 3169 oratione
2496 3106 2659 3183 eim,
2720 3106 2827 3189 qui
2884 3104 3039 3170 dicit
3094 3122 3252 3183 eam,
3298 3094 3581 3187 profecto

661 3241 784 3287 non
830 3223 962 3289 fore
1009 3208 1082 3287 ut
1126 3223 1348 3288 iustior
1393 3221 1640 3299 euadat,
1688 3222 1740 3286 si
1787 3222 1979 3286 etiam
2022 3220 2445 3286 aduersarium
2493 3221 2707 3286 audire
2752 3221 2957 3286 liceat.
3010 3218 3401 3303 Quamquam
3432 3239 3579 3287 con-

663 3338 810 3404 cedo
857 3340 922 3406 in
981 3340 1157 3403 tanta
1217 3338 1717 3403 testimoniorum
1767 3338 2027 3420 penuria
2084 3334 2160 3400 de
2208 3336 2533 3413 Damonis,
2583 3336 3021 3401 Demosthenis
3066 3337 3397 3419 propinqui
3444 3336 3579 3400 uita

664 3473 773 3518 nos
819 3455 1028 3519 utrum
1077 3456 1371 3519 honestus
1421 3472 1498 3517 an
1545 3453 1866 3535 improbus
1913 3452 2022 3517 ille
2071 3453 2255 3517 homo
2300 3452 2492 3517 fuerit
2536 3452 2854 3535 ign-orare:
2904 3453 2971 3515 at
3018 3451 3437 3517 certissimum
3484 3454 3583 3517 est

663 3570 855 3635 etiam
910 3570 1258 3652 improbam
1322 3588 1569 3634 causam
1627 3568 1994 3650 prudentius
2050 3587 2123 3633 ac
2184 3568 2402 3633 scitius
2460 3585 2645 3650 quam
2703 3567 2816 3632 hac
2870 3567 3147 3633 oratione
3203 3566 3437 3632 factum
3484 3569 3584 3631 est

663 3686 916 3751 defendi
961 3685 1252 3769 potuisse.
1341 3684 1546 3763 Quare
1593 3685 1648 3749 si
1695 3684 1930 3749 Demon
1978 3686 2087 3748 aut
2132 3682 2265 3766 ipse
2313 3682 2565 3749 fecisset
2611 3684 2719 3749 aut
2764 3683 2842 3746 ab
2891 3682 3012 3747 alio
3057 3683 3125 3747 in
3172 3701 3353 3747 suum
3400 3700 3581 3746 usum

665 3802 852 3867 scribi
897 3801 1180 3866 iussisset
1225 3820 1365 3866 eum
1415 3800 1608 3865 etiam
1657 3800 1938 3882 ineptum
1987 3798 2305 3864 hominem
2348 3800 2537 3881 atque
2584 3797 2943 3879 imperitum
2994 3816 3201 3862 rerum
3246 3796 3579 3861 forensium

663 3917 854 3984 fuisse
902 3918 1299 4000 sequeretur:
1348 3914 1512 3999 quod
1559 3934 1682 3979 non
1729 3914 1895 3979 cadit
1941 3916 2005 3979 in
2052 3932 2192 3979 eum
2242 3931 2429 3995 quem
2472 3914 2717 3979 constat
2755 3913 3129 3979 auctoritate
3170 3912 3380 3994 aliqua
3417 3912 3583 3976 inter

1106 4141 1194 4148 —vo

813 4288 883 4355 ⁰⁴)
939 4288 1076 4343 Vide
1129 4304 1266 4357 quae
1321 4302 1486 4357 supra
1541 4286 1654 4340 dixi
1707 4303 1758 4355 p.
1818 4285 1901 4339 15.
1982 4282 2054 4351 ⁶⁵)
2091 4300 2141 4353 p.
2180 4284 2319 4337 592:
2378 4324 2400 4347 „
2419 4282 2579 4339 Diese
2615 4281 3023 4351 Entscheidung
3071 4281 3147 4337 ist
3181 4281 3268 4337 bei
3308 4281 3479 4337 einem
3516 4296 3575 4335 no

661 4377 1049 4435 bescheidenen
1086 4375 1196 4431 und
1233 4374 1517 4433 immerhin
1558 4373 1814 4442 einseitig
1851 4370 2222 4441 aufgefassten
2258 4370 2513 4426 Material
2552 4368 2911 4440 numesius*
