3876 5242
1814 170 2251 232 —12—

741 364 971 430 Verum
1020 364 1336 428 enimuero
1384 361 1728 427 cauendum
1771 381 1850 427 ne
1895 363 2060 428 hunc
2104 363 2270 427 iusto
2316 363 2456 444 plus
2501 363 2843 428 laudemus.
2892 364 3033 430 Non
3072 365 3276 429 solum
3312 363 3479 428 infra

561 480 854 563 conqueri
899 467 1270 544 uidebimus‘
1297 477 1662 555 Demonem‚
1707 479 1870 562 quod
1914 479 2141 544 Protus
2186 497 2422 562 quoque
2467 479 2795 562 perfidiose
2840 480 3079 559 fecerit,
3126 479 3235 545 sed
3284 479 3475 544 etiam

558 595 820 662 crimina
863 592 1099 672 adfert,
1147 610 1303 676 quae
1350 593 1749 658 Zenothemis
1793 593 1860 657 in
1904 593 2019 658 lite
2066 593 2333 676 quadam
2380 594 2569 660 Proto
2616 595 2947 672 obiecerit,
3004 597 3069 660 et
3114 595 3319 660 adfert
3360 595 3473 672 ita,

559 711 632 774 ut
669 727 888 774 uerum
928 707 1158 773 dixisse
1187 707 1595 774 Zenothemin
1633 709 1766 789 ipse
1807 708 2142 792 significet.
2190 709 2397 774 Verba
2426 711 2639 774 autem
2670 709 2967 774 Demonis
2998 711 3146 774 sunt
3174 707 3473 794 haecz⁴⁰)

560 824 616 890 εἰ
659 821 780 907 μὲν
831 819 956 906 γὰρ
1013 819 1057 888 ἃ
1111 821 1435 906 γέγραφεν
1495 811 1688 898 οὗτος
1745 822 1834 906 (11.
1869 841 1924 888 e.
1958 823 2385 908 Zenothemis)
2445 824 2535 900 εἰς
2591 819 2665 890 τὸ
2730 823 3010 908 ἔγκλημα
3066 822 3296 905 ἐποίει,
3354 817 3479 888 οὐκ

561 935 790 1022 ὀφλεῖν
843 934 931 1004 ἂν
985 939 1171 1023 δίκην
1227 939 1516 1018 δικαίως,
1581 933 1714 1002 ἀλλ’
1775 941 2141 1004 ἀποθανεῖν
2186 933 2225 1004 ὁ
2272 942 2543 1024 Πρῶτος
2586 937 2799 1024 ἔμοιγε
2844 942 3051 1006 δοκεῖ·
3098 940 3163 1006 εἰ
3206 935 3349 1024 γὰρ
3396 935 3478 1004 ἐν

561 1060 830 1130 κακοῖς
873 1053 1002 1118 καὶ
1047 1056 1366 1138 χειμῶνι
1410 1055 1800 1118 τοσοῦτον
1847 1049 2073 1119 οἶνον
2118 1051 2377 1120 ἔπινεν
2422 1048 2601 1120 ὥσθ’
2648 1051 2923 1138 ὅμοιον
2966 1049 3165 1120 εἶναι
3214 1055 3477 1142 μανίᾳ,

558 1171 631 1235 τί
675 1165 812 1236 οὐκ
857 1165 1079 1248 ἄξιός
1127 1168 1283 1234 ἐστι
1329 1174 1644 1244 παθεῖν;
1691 1165 1734 1252 ἤ
1779 1171 1846 1234 εἰ
1887 1165 2257 1253 γράμματ’
2306 1168 2665 1235 ἔκλεπτεν
2713 1164 2756 1254 ἢ
2798 1165 3266 1259 ὑπανέῳγενς
3313 1164 3479 1235 ἀλλὰ

559 1288 765 1350 ταῦτα
807 1281 927 1368 μὲν
973 1279 1159 1350 αὐτοὶ
1203 1280 1370 1367 πρὸς
1428 1278 1704 1360 ἑαυτοὺς
1760 1277 1945 1368 ὑμεῖς
2001 1281 2177 1360 ὅπως
2218 1280 2360 1348 ποτ’
2416 1282 2542 1369 ἔχει
2594 1285 3061 1368 διακρινεῖσθε·
3128 1289 3207 1370 τῇ
3254 1279 3311 1351 δ’
3358 1283 3478 1370 ἐμῇ

561 1401 706 1486 δίκῃ
761 1397 962 1484 μηδὲν
1019 1398 1259 1482 ἐκείνης
1313 1393 1598 1484 πρόσαγε
1616 1449 1629 1463 .
1702 1401 1764 1464 εἴ
1813 1401 1873 1464 τί
1927 1415 1997 1464 σε
2051 1395 2351 1483 ἠδίκηκεν
2404 1394 2441 1466 ὁ
2490 1402 2763 1484 Πρῶτος
2814 1395 2860 1485 ἢ
2917 1397 3123 1484 λέγων
3188 1396 3231 1484 ἦ
3270 1403 3479 1466 ποιῶν

567 1514 724 1600 ἔχεις
770 1509 859 1592 ὥς
903 1513 1069 1580 ἔοικε
1115 1516 1332 1600 δίκην·
1391 1511 1606 1591 οὐδεὶς
1648 1507 1834 1599 ἡμῶν
1881 1508 2199 1580 ἐκώλυσεν
2246 1510 2403 1580 οὐδὲ
2446 1519 2573 1580 νῦν
2618 1521 3045 1598 παραιτεῖται.
3112 1517 3167 1580 εἰ
3212 1531 3477 1581 σεσυκο-

563 1627 926 1714 φάντηκας,
983 1625 1064 1695 οὐ
1118 1625 1688 1716 περιεργαζόμεθα.
1781 1629 1957 1694 Haec
2012 1631 2205 1695 uerba
2256 1650 2381 1697 non
2440 1633 2585 1696 sunt
2640 1631 2772 1712 eius
2834 1631 2933 1696 cui
2992 1632 3239 1696 constet
3298 1631 3477 1696 illum

564 1745 884 1812 hominem
928 1746 1004 1810 de
1051 1766 1171 1829 quo
1219 1746 1492 1828 loquitur
1535 1745 1714 1826 culpa
1759 1764 1894 1810 esse
1940 1763 2221 1810 uacuum.

741 1863 889 1928 Vini
919 1881 1069 1947 ergo
1099 1863 1360 1928 Protum
1393 1860 1777 1944 cupidiorem
1815 1860 2011 1926 fuisse
2049 1862 2114 1926 in
2153 1861 2377 1926 itinere
2416 1860 2733 1926 maritimo
2766 1861 3166 1926 Zenothemis
3208 1861 3476 1928 dixerat:

565 1977 665 2042 6111
713 1976 1042 2060 cupiditati
1086 1994 1211 2041 non
1255 1977 1462 2041 solum
1509 1975 1657 2040 dum
1703 1974 1926 2040 sudum
1968 1978 2135 2041 esset
2170 1975 2500 2042 indulsisse
2542 1976 2650 2040 sed
2690 1995 2770 2042 ne
2806 1977 3189 2060 tempestate
3230 1973 3480 2059 quidem

563 2094 776 2158 exorta
820 2093 944 2183 sibi
987 2091 1459 2174 temperauisse.
1551 2091 1723 2156 Vitio
1771 2090 1993 2156 deinde
2040 2092 2099 2155 ei
2144 2110 2395 2156 uersum
2438 2093 2604 2169 erat,
2660 2092 2821 2174 quod
2866 2093 3115 2158 litteras
3163 2111 3317 2175 quae
3362 2091 3478 2157 Ze-

561 2207 942 2273 nothemidis
1005 2209 1215 2273 essent
1270 2207 1380 2272 aut
1435 2207 1926 2288 intemperanter
1990 2207 2335 2288 aperuisset
2402 2209 2512 2272 aut
2580 2207 2975 2290 impudenter
3020 2208 3477 2292 intercepisset.

563 2323 908 2388 Ebrietatis
955 2323 1190 2388 crimen
1231 2321 1584 2405 Philippius
1623 2322 1742 2387 1106
1780 2321 2053 2388 ualuisse
2095 2321 2325 2396 censet,
2378 2323 2447 2387 ut
2484 2321 2964 2389 labefactaretur
2996 2323 3173 2388 Proti
3204 2323 3479 2389 narratio

565 2438 642 2503 (16
687 2439 1057 2522 Hegestrati
1103 2438 1325 2504 conatu
1369 2438 1547 2502 nauis
1593 2436 2045 2520 demergendae
2094 2438 2345 2520 eiusque
2392 2438 2621 2503 morte:
2686 2458 2911 2522 nempe
2956 2439 3069 2506 illa
3108 2441 3291 2504 nocte
3334 2458 3479 2521 pro·

565 2553 794 2620 cellosa
840 2572 982 2618 eum
1025 2553 1118 2618 ita
1163 2553 1354 2618 fuisse
1407 2553 1551 2617 uino
1607 2571 1971 2637 oppressum
2024 2553 2093 2617 ut
2138 2553 2569 2618 testimonium
2616 2554 2747 2620 eius
2790 2555 2979 2620 nihili
3022 2555 3479 2620 aestimandum

567 2670 751 2735 esset.
815 2668 994 2750 Quod
1039 2670 1110 2735 ut
1155 2670 1423 2735 concedo
1470 2670 1650 2735 acute
1698 2668 2116 2752 excogitatum.
2166 2688 2329 2747 esse,
2376 2670 2471 2735 ita
2514 2689 2772 2737 acumen
2819 2670 3121 2754 Philippii
3162 2672 3230 2735 111
3272 2689 3478 2736 meras

564 2785 844 2869 argutias
900 2784 1128 2851 abiisse
1185 2803 1406 2850 censeo
1453 2784 1518 2849 in
1566 2784 1658 2849 eis
1703 2803 1857 2866 quae
1906 2783 1983 2849 (16
2028 2782 2398 2868 γράμμασιν
2439 2784 2569 2850 illis
2622 2786 2870 2850 statuit:
2934 2781 3279 2869 γράμματα
3324 2786 3480 2852 haec

565 2919 700 2967 esse
747 2902 1166 2985 syngrapham
1212 2919 1249 2965 a
1297 2873 1483 2965 Proto
1532 2917 1672 2965 cum
1718 2899 1999 2965 Demone
2044 2898 2313 2976 factam3
2376 2898 2743 2984 surripuisse
2790 2902 3051 2966 Protum
3098 2920 3237 2967 eam
3282 2902 3478 2967 inter·

565 3015 816 3099 polandi
859 3033 1046 3081 causa
1103 3014 1195 3094 ei,
1257 3013 1420 3097 apud
1466 3033 1648 3097 quem
1695 3014 1980 3097 deposita
2026 3018 2213 3079 esset.
2285 3014 2461 3094 Quod
2506 3034 2727 3081 uereor
2768 3035 2847 3081 ne
2892 3017 3014 3082 sibi
3060 3017 3179 3082 soli
3222 3036 3478 3100 persua-

564 3132 738 3199 serit.
788 3129 945 3197 Cum
990 3130 1158 3195 enim
1203 3130 1473 3197 alterum
1521 3132 1756 3195 crimen
1804 3129 1967 3213 quod
2013 3133 2112 3195 est
2156 3130 2233 3195 (16
2280 3132 2585 3197 ebrietate
2624 3130 2705 3197 ad
2742 3133 2867 3197 iter
2904 3132 3293 3198 maritimum
3336 3152 3478 3216 per-

565 3248 790 3325 tineat,
836 3247 954 3311 1106
1001 3248 1099 3313 est
1143 3245 1223 3311 ad
1266 3246 1423 3311 illud
1469 3248 1738 3329 tempus,
1789 3264 1905 3328 quo
1951 3266 2073 3311 una
2116 3246 2179 3310 in
2232 3247 2449 3312 eodem
2495 3248 2745 3331 nauigio
2792 3247 3040 3313 fuerant
3082 3248 3480 3315 Zenothemis

567 3364 634 3427 et
675 3363 925 3440 Protus‚
973 3364 1457 3427 consentaneum
1503 3364 1600 3426 est
1645 3361 1912 3427 alterum
1958 3379 2199 3444 quoque
2254 3362 2329 3425 de
2388 3362 2639 3444 scriptis
2699 3362 2826 3427 illis
2888 3364 3322 3446 cuiuscumque
3368 3384 3479 3447 ge-

565 3478 734 3543 neris
781 3478 960 3543 erant
1003 3476 1309 3559 surreptis
1354 3476 1436 3542 ad
1483 3475 1649 3541 idem
1687 3477 1937 3558 tempus
1979 3496 2113 3541 esse
2154 3475 2569 3542 referendum.
2616 3471 2963 3562 γράμματα
2995 3476 3219 3545 deinde
3256 3498 3481 3563 graeca

569 3612 688 3667 uox
731 3592 1084 3677 generalior
1127 3593 1300 3659 notio
1347 3594 1446 3657 est
1490 3610 1675 3676 quam
1721 3610 1876 3674 quae
1922 3593 2121 3674 possit
2178 3590 2255 3655 (16
2301 3611 2423 3657 una
2466 3582 2733 3676 quadam
2776 3594 3133 3679 syngrapha
3174 3595 3477 3678 usurpari.

569 3708 870 3773 Iniuriam
899 3726 1082 3789 porro
1127 3710 1247 3772 τοῦ
1291 3705 1572 3773 κλέκτειν
1602 3707 1704 3771 vel
1745 3699 2129 3789 ὖπανοίγειν
2156 3702 2502 3790 γράμματα
2546 3709 2756 3791 ipsum
2788 3710 3197 3775 Zenothemin
3228 3728 3479 3792 passum

567 3842 704 3890 esse
749 3824 1035 3906 adparet3
1084 3822 1249 3907 quod
1286 3825 1499 3888 autem
1539 3822 1840 3888 delictum
1880 3822 2273 3907 syngraphae
2313 3825 2637 3905 surreptas
2668 3823 3023 3906 Philippius
3068 3826 3311 3903 statuit,
3360 3826 3481 3889 hoc

569 3939 974 4005 commissum
1018 3938 1181 4004 foret
1224 3939 1290 4003 in
1344 3938 1772 4023 argentarium
1827 3938 2127 4020 aliquem:
2200 3938 2363 4020 apud
2412 3956 2515 4003 eos
2562 3940 2731 4004 enim
2776 3940 3164 4023 syngraphae
3210 3940 3481 4023 depone·

567 4054 813 4120 bantur.
904 4054 1418 4139 Intellegendum.
1455 4052 1718 4135 denique
1767 4055 1892 4133 est,
1952 4053 2106 4119 nihil
2168 4053 2549 4119 lucraturum
2600 4054 2787 4121 fuisse
2846 4055 3107 4122 Protum
3167 4074 3241 4121 ex
3282 4056 3479 4121 inter-

717 4408 788 4479 40)
823 4409 855 4477 9
893 4408 961 4463 27
999 4409 1058 4463 et
1092 4404 1178 4461 28.
